3270 5354
273 338 347 415 22⁴1
472 369 596 409 nvrrsur
609 372 646 408 an
659 366 792 409 cessatura
805 368 1018 409 dirimamur!
1031 365 1254 411 sernnmttm'vrr
1267 370 1363 411 traua.

474 529 617 589 doricum
640 528 764 607 sumptis
786 529 851 609 quis
873 529 942 590 vidit
963 531 1091 591 atrocius
1112 531 1204 590 armis

449 651 461 688 r
561 629 690 709 Telaque
714 633 831 691 misceri
854 630 1076 709 sauguinolenta
1098 631 1214 708 magis?

474 730 566 791 Unius
589 731 665 791 baud
690 731 791 809 populi
814 748 912 811 pugna
935 732 1067 810 proludit
1090 730 1190 792 inilia

559 831 651 892 Roma
675 817 743 892 suas
767 831 1056 912 vires'lllyriumquo
1080 851 1163 900 snas;

474 933 549 993 Tum
573 950 713 1010 proceres
734 935 851 1011 periere
874 933 950 1000 itali.
974 935 1122 996 Germana
1144 933 1280 995 iuuentus

448 1054 461 1092 s
560 1036 662 1123 »inrisit
685 1035 787 1112 primae
809 1034 917 1095 robora
942 1034 1064 1103 militiae.

473 1135 629 1214 l‘rodigata
653 1138 731 1197 acies
754 1135 897 1214 Hispana,
920 1134 1049 1214 ignobile
1073 1135 1192 1215 vulgus,

557 1235 681 1298 llettulit
702 1240 816 1298 omissis
839 1236 929 1298 Gallia
953 1235 1112 1298 nobilibus.

473 1337 563 1399 lulius
585 1357 641 1398 una
665 1338 734 1400 mali
757 1356 843 1399 causa
867 1347 925 1407 est,
949 1338 1116 1418 respublica
1138 1337 1245 1401 Christi

439 1461 463 1500 rr
562 1440 595 1500 ln
617 1460 670 1501 sua
694 1440 805 1501 crudeli
829 1441 939 1502 viscera
963 1440 1043 1502 caede
1066 1441 1133 1501 ruit.

408 1587 454 1646 42·
762 1594 809 1643 ΑΙ)
828 1593 1076 1644 RAVENNA'I'ES.

472 1712 573 1772 Perdis
595 1729 667 1788 opes
689 1712 847 1791 perdisque
870 1715 964 1782 riros,
989 1713 1063 1773 dura
1085 1715 1181 1775 omnia
1205 1713 1336 1791 periers:

556 1813 683 1882 innuo,
707 1812 840 1874 Pontilici
863 1813 986 1893 plaude,
1011 1814 1165 1886 Ravenna,
1189 1823 1249 1876 tuo.

408 1962 453 2021 48.
651 1967 688 2016 IN
706 1965 863 2016 MORTEM
880 1966 1006 2017 IACOBI
1025 1967 1074 2016 DE
1093 1967 1175 2018 EMS.

471 2082 563 2153 Oetam
587 2086 669 2164 prius
692 2084 824 2145 ediderat
846 2092 974 2162 stragem
998 2086 1174 2147 lortissimus
1196 2086 1298 2158 beros,

556 2186 638 2247 Hanc
661 2204 751 2264 super
774 2187 934 2248 exhaustus
956 2188 1099 2264 sangnine
1121 2187 1299 2266 procubuit:

469 2289 582 2367 Aspicis
604 2304 753 2364 exangues
775 2292 833 2348 iam
857 2306 935 2349 nunc
958 2306 1077 2367 quoqne
1098 2288 1238 2350 frendere
1261 2275 1371 2353 vultus¹

445 2412 457 2451 r
556 2389 739 2469 Pallentique
761 2398 861 2450 truces
883 2390 998 2451 terrere
1020 2392 1050 2450 in
1073 2408 1126 2451 ore
1148 2391 1263 2452 minast

469 2492 517 2553 Sic
532 2499 671 2559 stratum,
690 2500 720 2551 ut
734 2490 855 2561 tulerat,
873 2493 930 2552 iam
947 2492 1127 2552 nuncetiam
1143 2478 1386 2555 armalcrentem

552 2592 607 2663 Oui
631 2592 722 2662 ridet,
746 2600 881 2653 avertens
904 2592 996 2653 hostis
1019 2600 1051 2653 ut
1072 2600 1140 2655 ante
1163 2594 1255 2655 timet.

405 2743 451 2800 44.
531 2747 579 2796 nn
599 2745 779 2796 cmsuuuu
797 2709 846 2795 nu
865 2745 1111 2796 rnororosrrs
1131 2745 1295 2796 venaris.

468 2865 599 2926 Deliebat
620 2865 673 2925 tibi
695 2864 809 2925 nobiles
829 2873 984 2944 tyrannos,

446 2966 598 3051 ,llelrebat
620 2966 673 3027 tibi
695 2966 767 3026 Sors
790 2968 866 3026 viros
888 2966 1055 3046 ducesque,

466 3069 591 3130 lnrictos
613 3071 710 3129 anieno
733 3068 831 3129 leroce
854 3087 955 3148 reges,

466 3173 553 3232 Gesta
577 3188 610 3232 re
634 3170 744 3231 celebri
768 3172 955 3248 poteritiaque

439 3273 630 3341 sSublimes‚
654 3271 707 3332 tibi
730 3272 833 3333 debuit
853 3271 999 3351 trirnphos

466 3372 507 3437 De
530 3376 636 3435 virtute
659 3375 737 3452 pari;
760 3374 811 3436 sed
835 3381 867 3434 ut
890 3373 1003 3435 lerebat

467 3477 604 3537 Fortunae
628 3475 709 3537 lavor
731 3485 819 3556 atque
842 3478 959 3555 iniquus
982 3494 1081 3546 error,

467 3579 639 3656 Quanquam
664 3587 708 3639 est
729 3578 786 3640 boc
809 3576 934 3657 aliquid,
957 3562 1011 3638 tibi
1033 3576 1168 3639 relietum
1192 3586 1252 3647 est,

466 3680 540 3741 llum
563 3682 650 3758 punis
673 3680 800 3742 Venetos
822 3679 1042 3759 superbientes,

427 3783 488 3842 rod
510 3780 629 3843 laudum
653 3782 769 3842 modico
792 3779 900 3843 decore
923 3779 994 3841 tolli.

399 3929 446 3989 45.
499 3900 511 3912 ⁸
650 3935 687 3984 m
705 3935 857 3986 eventu
876 3932 1160 3984 cnuuoueusmr.

411 4045 415 4053 '
457 4016 519 4096 Ὦν
541 4024 639 4116 ὕβρις
661 4054 696 4095 τε
718 4034 775 4115 βίη
798 4055 833 4096 τε
856 4031 1016 4117 σιδήρεον
1038 4023 1189 4113 οὐρανὸν
1209 4033 1276 4099 ἵκει

548 4138 584 4199 Et
605 4139 656 4216 qni
679 4157 738 4199 non
762 4137 909 4208 homines,
933 4156 993 4199 noo
1016 4138 1143 4200 timuere
1166 4138 1251 4208 deos,

284 4252 463 4261 w

326 4293 368 4346 ll.
398 4292 623 4357 ‘Illyricumque
642 4295 667 4342 d.
738 4288 761 4323 ¹⁰
778 4291 884 4341 Retulit
901 4294 925 4340 d.
985 4290 1004 4323 ¹¹
1024 4291 1111 4341 lullus
1128 4291 1165 4341 11.
1179 4293 1209 4342 P.
1224 4291 1260 4341 Μ.
1273 4297 1371 4344 eontra
1390 4293 1489 4347 Gallos
1506 4296 1553 4346 lll-

259 4388 413 4443 npanosque
432 4377 528 4428 Pisani
547 4376 658 4427 concilii
676 4377 798 4427 fautores
817 4376 1034 4441 conspiraverat.

325 4461 367 4513 43.
398 4463 442 4512 Cf.
457 4462 544 4528 epigr.
556 4459 646 4512 tude.
700 4460 861 4511 ¹aediderat
879 4464 903 4511 2.
957 4459 1100 4511 ⁵stratam
1120 4463 1193 4512 M.

314 4544 367 4595 dl.
398 4546 457 4596 {loo
474 4548 639 4611 epipmmis.
654 4548 680 4597 3.

326 4628 368 4677 es.
400 4627 489 4681 ’τῶν
501 4631 580 4681 nom.
592 4628 879 4683 oa.xv.sas.xvr1.
891 4629 950 4682 sos.
986 4620 1121 4698 ἦιειιιω.
1158 4623 1551 4700 patescerepmeurouo-

259 4722 316 4759 rum
336 4716 364 4760 et
382 4714 514 4778 superbia
533 4721 560 4766 et
578 4715 712 4768 riolontin
731 4717 765 4767 ad
785 4717 904 4768 ferreum
923 4717 1020 4769 caelurn
1038 4718 1183 4783 perrenit'.
