3270 5354
413 382 516 427 mim
529 383 581 417 vu.
601 381 775 417 erinnem!
787 381 816 418 Ι.
831 381 926 417 neom
940 379 1039 416 utun.
1128 386 1131 393 “

536 717 541 725 ι
579 627 734 714 [ereata
770 639 863 714 Vin]

446 758 673 808 ueirleurvu
691 759 727 806 u.
746 756 870 807 neom
889 756 1009 807 revue

630 863 740 904 ornum
755 863 831 903 vnu.

282 979 378 1047 Flete,
402 997 475 1040 meae
498 986 619 1047 maestae,
643 986 673 1039 et
694 977 850 1039 lachrimas
872 977 1057 1050 confundite,
1080 978 1185 1049 llusae,

368 1082 403 1142 Et
426 1082 520 1158 rigido
543 1089 659 1142 teneras
682 1096 779 1157 ungue
803 1080 888 1140 lerite
909 1097 1014 1158 genas:

236 1205 239 1211 ·
283 1182 334 1245 llle
357 1184 415 1244 mei
437 1185 566 1261 species,
589 1184 647 1243 mei
669 1180 981 1253 auxiliator'bonoriS‚

245 1305 257 1344 i
365 1284 522 1346 Pulchram
544 1287 670 1346 animam
693 1303 786 1345 caecas
808 1283 937 1345 condidit
959 1285 989 1344 in
1011 1283 1157 1347 tenebras.

284 1387 475 1448 Rosteelrium
497 1387 617 1458 studiis,
640 1374 734 1464 patria
758 1385 883 1461 lubecia
907 1384 990 1456 levit,

369 1488 480 1566 Oppida
504 1489 651 1550 Germano
674 1486 823 1548 nobilitata
846 1487 918 1549 snlo.

284 1590 316 1668 lp
372 1607 458 1666 uagas
480 1608 594 1650 merces
615 1590 717 1668 primis
740 1590 870 1649 exercuit
891 1590 974 1649 annia

246 1710 259 1750 e
393 1691 527 1751 tdidieit
548 1691 662 1751 vairam
684 1689 879 1769 multiplicare
901 1691 1021 1770 stipem;
1108 1721 1113 1732 .

285 1793 355 1854 Post
376 1792 427 1853 ubi
449 1799 634 1872 compertum
657 1798 701 1852 est
723 1793 846 1870 perituri
868 1791 972 1871 gaudia
994 1792 1095 1854 mundi

310 1930 313 1934 ι
369 1895 401 1955 ln
424 1913 456 1955 se
478 1896 600 1955 victurae
621 1892 695 1954 lueis
717 1893 829 1955 habere
851 1892 937 1963 nihil,

283 1997 399 2074 Sprerit
420 2014 491 2074 opes
514 2014 614 2057 rerum
636 1997 789 2074 positaque
811 1994 1043 2073 cupidine'lucri

235 2119 258 2159 n
366 2097 467 2158 Maluit
488 2104 613 2157 aeternas
635 2115 768 2175 querere
791 2097 925 2165 diviciam

283 2199 362 2280 Ergo
385 2199 428 2260 illi
449 2206 549 2279 spreto
573 2198 817 2261 fallacis-lenone
839 2200 952 2259 numini

368 2304 523 2380 assumpta
546 2309 590 2362 est
612 2301 669 2361 diri
691 2319 761 2361 cura
784 2300 955 2370 sacerdotii;

284 2405 326 2465 Ne
350 2411 447 2465 tamen
470 2403 558 2464 oratis
581 2410 692 2465 tantum
715 2420 797 2485 saera
819 2408 943 2481 poneret
965 2403 1023 2463 aris

235 2527 258 2567 n
367 2506 403 2565 Et
425 2505 508 2566 daret
530 2502 660 2566 a‘ssiduas
682 2505 711 2564 in
734 2522 784 2565 sua
808 2503 894 2564 thura
918 2521 1035 2582 preces,

284 2599 441 2669 Decretum
465 2615 508 2669 est
530 2613 661 2669 teneram
684 2607 787 2667 studiis
808 2623 916 2666 ornere
938 2607 1084 2668 iuventam

369 2710 406 2770 lit
426 2708 500 2772 velle
522 2710 557 2768 iis
581 2711 694 2770 animos
716 2708 858 2769 erudiisse
881 2708 985 2778 rudes,
1189 2699 1193 2703 ’

284 2816 377 2892 Atque
400 2818 433 2873 ut
455 2813 481 2873 ei
503 2819 586 2890 pacta
610 2819 654 2872 est
676 2811 822 2871 Lunensis
844 2829 915 2872 eura
938 2810 1100 2883 cathedrae,
1167 2813 1281 2897 lm,
1303 2817 1370 2895 ¹:352}

234 2936 260 2977 ao
368 2914 493 2974 Edoruit
514 2932 624 2993 pueros
647 2912 821 2991 edocuitque
844 2915 938 2983 viros,

284 3016 442 3096 Nunquam
460 3015 527 3076 luce
550 3034 669 3084 vacans,
692 3008 842 3092 uunquam
866 3017 928 3075 sine
950 3023 1044 3076 marte
1066 3018 1195 3096 quietus,

369 3117 493 3196 Semper
516 3135 606 3195 agens
628 3118 714 3177 variis
736 3115 989 3177 sollicitudinibus

284 3216 457 3296 Exemplum
481 3218 578 3289 vebis,
601 3219 735 3289 iuvenes,
758 3224 842 3279 aetate
865 3218 1061 3297 sequendum,

234 3341 258 3381 u
368 3319 430 3390 Oua
454 3319 548 3397 legitis
570 3322 634 3381 vitae
657 3320 810 3381 commoda
833 3321 956 3399 quisque
978 3338 1046 3382 suae.

284 3422 335 3483 llle
359 3422 458 3483 videns
481 3421 582 3493 luxus,
605 3424 679 3493 iras,
703 3422 886 3491 discrimine,
910 3421 1020 3495 cades,

369 3524 538 3594 molliciem,
563 3543 662 3596 casus,
685 3525 799 3602 iurgia,
822 3525 914 3594 lurta,
939 3525 1037 3596 dolos,

284 3629 422 3708 Quasque
443 3646 530 3689 senes
553 3646 653 3696 curae,
677 3645 807 3706 quasque
830 3626 984 3706 illaqueata
1006 3629 1141 3691 iuventus

233 3752 258 3793 ra
367 3730 528 3802 l‘nlvimus,
553 3739 581 3791 et
604 3731 696 3792 varias
719 3731 807 3791 sortis
829 3730 858 3791 in
881 3730 954 3792 orbe
977 3732 1068 3802 vices,

284 3832 479 3912 llillicilesque
495 3840 578 3894 ortus
593 3832 746 3893 hominum
762 3838 791 3893 et
806 3832 894 3894 breve
909 3839 1025 3913 tempus
1040 3834 1162 3896 honoris
1201 3830 1205 3914 l
1221 3833 1370 3913 mm·

370 3935 522 4015 Vanaque,
546 3936 679 4004 divicias,
703 3942 873 4006 stemmata,
896 3953 997 4014 regna,
1020 3937 1125 4006 duces,

83 4105 284 4114 ———.-—

150 4224 230 4274 Hune
255 4225 415 4290 mugistrum
434 4224 563 4274 Iacobum
583 4224 718 4273 Puuerum
741 4224 864 4288 (Bauer)
889 4240 942 4274 non
966 4225 1020 4274 nisi
1045 4241 1078 4274 ex
1100 4225 1153 4274 huc
1177 4223 1270 4290 elegia
1293 4228 1369 4277 novi·

83 4324 141 4358 mus
160 4310 315 4361 etiemnos.
351 4308 850 4372 LubeeenseeRostoehiensesqnein
868 4310 920 4359 viri
939 4310 1027 4358 vitam
1044 4311 1194 4373 inquirant.
1243 4307 1370 4365 ¹meuttt

82 4392 199 4458 inuritur:
213 4403 235 4446 tt
248 4397 272 4445 1.
285 4397 334 4445 red
345 4396 419 4445 Hntt.
430 4400 455 4443 et
467 4400 526 4443 vett·
537 4409 568 4444 m.
578 4394 656 4443 deteu.
669 4396 743 4458 prinu
755 4398 791 4443 et.
844 4399 967 4444 moestae
981 4398 1006 4443 2.
1014 4397 1040 4443 3.
1059 4394 1197 4457 lacrymas
1210 4398 1234 4445 2.
1243 4399 1268 4447 3.
1305 4398 1371 4458 mitit

81 4481 105 4527 1.
160 4475 268 4531 ⁴mtus
281 4483 304 4530 1.
356 4479 493 4528 ⁸vuirum
510 4493 602 4527 omues.
623 4478 659 4527 of.
673 4479 730 4528 Vir.
744 4479 807 4531 bon.
819 4495 845 4529 v.
861 4476 918 4530 136.
970 4478 987 4522 ⁹·
998 4478 1102 4544 §uituli
1115 4483 1138 4530 1.
1192 4477 1213 4511 ¹¹
1230 4495 1328 4545 qumtt
1344 4486 1369 4535 1.

81 4563 196 4612 divitias
214 4567 239 4614 2.
247 4567 274 4615 3.
345 4561 366 4594 ¹³
384 4562 476 4625 indens
495 4566 520 4613 1.
537 4564 585 4612 aed
602 4563 676 4612 Hutt.
695 4569 720 4612 et
741 4571 790 4613 vet.
809 4581 839 4613 m.
859 4580 901 4613 ex.
920 4567 969 4614 met
984 4580 1054 4614 corr.
1124 4562 1145 4596 ¹⁸
1163 4565 1291 4616 Aesumte
1309 4571 1334 4617 2.
1343 4571 1369 4619 3.

82 4647 103 4679 ¹⁶
121 4663 173 4697 sun
184 4651 260 4698 1....3.
279 4663 344 4699 uuas
361 4655 410 4698 eet·
422 4665 454 4697 m.
467 4664 511 4700 ex.
523 4650 579 4697 mei.
632 4647 652 4679 ¹⁹
670 4649 807 4710 Lunensis
825 4646 908 4714 catu]
928 4649 1114 4700 liestocllr'enrie
1132 4653 1247 4716 repentia
1258 4668 1280 4702 s.
1294 4651 1371 4703 bursa

82 4746 143 4798 qum
161 4733 252 4798 belim
271 4732 366 4787 iilunb.
417 4730 440 4765 ¹⁴
458 4733 501 4784 Oi,
515 4733 586 4799 eleg.
601 4734 651 4784 111.
664 4749 690 4784 v.
704 4734 746 4784 24.
799 4731 821 4764 ²⁶
839 4734 984 4784 Mollitiem
1002 4738 1064 4786 m.
1114 4733 1138 4769 ⁸⁰
1155 4736 1269 4788 divitias
1287 4739 1346 4788 m.
