3270 5354
258 312 332 384 280
421 339 545 378 UV'H'EMI
558 338 594 376 AB
607 339 720 375 CBO'l'VM
732 337 879 376 avaram
892 339 927 374 nu
942 337 1029 375 ΜΔΝ
1042 337 1156 375 BOMAMO
1168 338 1380 375 nerduinum.

463 495 529 556 Non
552 502 647 555 tutum
669 501 714 554 est
736 511 836 555 emere
858 493 912 554 ista
934 469 1048 554 tamem
1072 493 1141 555 licet
1163 496 1271 555 emeris
1292 512 1384 565 auro,

547 595 689 657 Redditur
711 613 728 655 a
750 593 862 672 plumbi
884 601 1037 655 stemmate
1060 594 1139 656 bulla
1162 595 1266 672 gravis.

462 699 487 759 0
510 696 605 758 bullas
627 703 716 775 atque
737 714 754 755 o
778 696 902 756 Romam
925 713 1087 774 regemque
1109 697 1283 776 Symonem!

425 820 449 859 n
548 799 638 859 Sacra
661 815 760 858 emere
783 804 813 858 et
833 796 935 858 Roma
958 797 1085 859 vendere
1107 814 1191 858 sacra
1213 797 1300 859 licet?

418 983 445 1041 6.
650 983 701 1034 DE
720 983 850 1033 EODEM
866 983 917 1033 AD
937 982 1144 1035 GERMANOS.

464 1104 535 1175 Quis
557 1103 679 1172 modus,
703 1099 836 1170 o‘cives,
860 1119 918 1180 quo
941 1121 973 1163 se
996 1102 1059 1163 hac
1081 1103 1222 1182 patientia
1243 1103 1364 1165 tandem

547 1203 702 1266 Proleroti
724 1203 787 1265 haec
809 1202 910 1264 Roma·
933 1206 1092 1284 quaerimus
1113 1211 1202 1283 atque
1224 1196 1368 1266 eminfii

463 1307 513 1367 Sic
535 1325 590 1365 rros
612 1304 692 1366 inulla
714 1307 806 1383 capit,
829 1306 871 1365 sic
893 1323 925 1365 se
946 1307 1104 1368 Germania
1125 1307 1234 1374 nescit,

438 1432 449 1471 4
550 1406 586 1466 Ut
608 1413 689 1486 petat
709 1405 791 1467 haecl
813 1406 856 1467 sic
879 1423 933 1466 nos
955 1408 1009 1467 ista
1031 1405 1123 1485 sigilla
1146 1409 1264 1468 iuranti

465 1501 600 1588 Χρύσεα
621 1505 802 1586 χαλκείων,
827 1514 856 1567 et
878 1507 975 1569 adime
997 1509 1121 1568 mutatio
1144 1510 1241 1586 peior,

547 1609 673 1671 'lantum
696 1611 774 1678 auri,
798 1614 831 1669 ut
850 1609 971 1670 redeam
992 1608 1131 1688 plumbea
1153 1612 1251 1688 signa,
1275 1610 1350 1672 dari.

417 1795 443 1854 7.
687 1795 736 1845 DE
755 1793 885 1857 EODEM
901 1795 952 1845 AD
971 1794 1130 1846 EOSDEM.

464 1905 546 1997 Caeca
569 1915 663 1991 magis
685 1915 822 1993 cuiquam
845 1932 929 1975 mens
951 1923 1009 1984 est,
1032 1916 1127 1992 magis
1149 1915 1247 1991 indiga
1268 1914 1345 1976 lucis

549 2014 643 2085 Quam
666 2014 771 2076 coelum
795 2015 897 2077 Romae
919 2017 969 2094 qui
991 2014 1047 2076 sihi
1070 2015 1164 2077 credit
1185 2017 1260 2076 cmii

461 2118 519 2178 dut
534 2118 583 2196 (qui
598 2125 738 2196 quantum
754 2118 819 2178 auri
835 2124 879 2179 cst
894 2135 1071 2196 quemquam
1087 2123 1171 2196 putat
1185 2135 1250 2178 esse
1265 2115 1401 2187 beatum,

438 2239 450 2278 4
551 2218 674 2289 Quando
696 2217 754 2278 illic
776 2236 849 2279 auro
872 2220 928 2279 vita
951 2218 1036 2280 beata
1059 2220 1155 2280 veuit?

464 2322 519 2391 Qui
542 2321 656 2401 Stygias
678 2321 839 2381 contemnit
859 2338 965 2400 aquas,
988 2338 1084 2400 neque
1106 2321 1190 2383 triste
1213 2327 1331 2383 veretur

548 2420 746 2501 Supplicium,
770 2420 871 2482 llomae
893 2421 993 2483 coelica
1016 2424 1108 2484 iretus
1131 2423 1205 2484 emil

465 2524 523 2584 Ant
543 2540 603 2583 uon
626 2525 689 2602 ipso
711 2522 817 2583 Petrus
838 2540 953 2584 summa
976 2524 1171 2586 excandescat
1192 2523 1229 2585 ab
1252 2525 1295 2585 ira

440 2646 452 2685 a
551 2624 623 2687 Esse
645 2624 771 2704 aliquem
795 2624 902 2686 coelurn
925 2627 975 2704 qui
997 2623 1088 2692 locet.
1111 2627 1174 2704 ipse
1196 2623 1309 2687 malus?

468 2726 596 2787 Proinde
619 2726 717 2796 uelas,
742 2727 833 2797 cives,
857 2727 949 2805 iugite
972 2734 1061 2806 atque
1083 2728 1221 2806 inquirito
1243 2734 1374 2791 rectum:

550 2826 611 2888 Hac
634 2826 716 2889 robis
739 2826 845 2889 coelum
868 2846 967 2890 merce
989 2826 1090 2890 licebit
1111 2830 1179 2890 emi.

414 3012 441 3071 8.
495 3013 650 3076 QVODAM
668 3013 821 3065 MORTVO
840 3013 1029 3065 EPISCOPO.
1048 3015 1098 3067 AD
1118 3013 1323 3067 dilatandos.

466 3133 580 3196 Occidit
601 3134 736 3203 antistes,
760 3134 850 3211 petite
871 3131 962 3194 altera
984 3132 1085 3212 pallia,
1109 3134 1200 3202 circs,

551 3234 621 3305 Quae
644 3234 724 3295 dabit
746 3242 868 3313 accepto
889 3232 1033 3296 Romulus
1055 3252 1114 3297 aerc
1137 3235 1256 3315 Symou.

465 3338 502 3398 m
524 3343 571 3405 tu,
595 3336 690 3397 donec
712 3333 801 3419 habet
823 3335 981 3396 cerebrum
1004 3337 1160 3397 Germania
1183 3337 1296 3398 nullum

440 3462 451 3502 4
552 3437 590 3498 Εῑ
610 3436 707 3498 nullos
729 3434 847 3506 oculos,
870 3435 957 3515 pallia
979 3436 1087 3506 vende,
1113 3438 1231 3518 symon.

417 3655 446 3714 9.
572 3656 734 3720 QVINQVE
753 3655 886 3708 GALLIS
905 3657 947 3708 SE
965 3656 1247 3710 INVADENTIBVS.

465 3775 594 3838 Desinite
616 3778 704 3837 irasci
726 3777 791 3838 sino
814 3792 902 3837 causa
925 3782 954 3838 et
976 3777 1112 3848 crimine,
1137 3776 1225 3839 Galli:

549 3877 621 3947 Qua
642 3879 751 3938 meruit
772 3876 883 3948 Caesar,
907 3896 966 3938 non
989 3896 1023 3939 ea
1047 3878 1132 3956 culpa
1155 3897 1219 3939 mea
1243 3887 1295 3939 est.

464 3978 515 4041 ille
537 3979 615 4058 apud
638 3979 794 4042 lusulrrem
817 3978 964 4040 bellorum
987 3979 1161 4057 amhagibus
1183 3979 1288 4042 urbem

441 4103 453 4142 4
552 4081 708 4143 Districtus
731 4099 800 4142 casu
823 4079 948 4143 volvitur
970 4082 1099 4160 ancipiti.

263 4237 466 4247 ———

328 4320 354 4369 6.
385 4317 643 4370 ci.Oic.Cat.i.l.
690 4315 928 4369 'Prolertizad
976 4317 1077 4369 ⁵Hom.
1092 4317 1125 4370 11.
1136 4317 1251 4371 vna36.
1264 4319 1358 4371 Aurea
1370 4336 1421 4387 pro
1435 4321 1554 4372 aheueis.

328 4404 354 4453 7.
384 4405 444 4453 Hoc
461 4406 603 4469 cuiquem
619 4408 646 4454 3.
696 4401 880 4468 ⁸quenquam
898 4405 954 4456 Η.
1007 4403 1124 4470 lqutua
1144 4406 1166 4454 1.

328 4487 354 4539 8.
382 4490 426 4538 De
445 4489 563 4554 quodam
582 4492 656 4539 2...l.
710 4487 804 4537 Simon
822 4490 897 4538 2...4.
950 4489 1028 4539 Rom.
1040 4489 1183 4539 Pontifex.

329 4572 355 4621 9.
385 4573 428 4622 Ci.
448 4573 503 4625 vol.
517 4574 538 4622 Ι.
558 4591 584 4639 p.
603 4572 660 4623 loa.
673 4575 696 4633 ξ.
711 4573 736 4621 4.
749 4589 775 4638 p.
792 4571 848 4623 146.
860 4574 884 4633 §-
898 4573 922 4623 3.
936 4590 963 4639 p.
979 4573 1072 4636 1045.
1086 4573 1109 4623 l.
1122 4573 1178 4625 vol.
1191 4573 1228 4623 11.
1241 4590 1267 4639 p.
1281 4573 1341 4625 acl.
1355 4574 1411 4627 vol.
1425 4576 1458 4627 V.
1478 4594 1504 4643 p.
1517 4575 1556 4626 48.

262 4655 286 4715 ἕ.
300 4652 342 4705 38.
362 4656 557 4721 Epigrammata
575 4660 667 4708 9...13.
680 4658 763 4708 orauit
777 4661 802 4708 3.
855 4655 866 4689 ⁸
883 4656 1043 4708 Mediolani.
