3270 5354
260 366 334 437 548
353 379 532 429 ΑΟΒΕΝΒΑ
544 378 592 426 ΑΙ)
607 376 689 426 VOL.
701 378 723 427 1.
736 373 888 427 cnxv1111*.
902 389 1041 426 srnourrnr
1054 389 1091 425 an
1105 389 1218 425 neuvn'r
1231 368 1324 428 seror:
1336 384 1554 430 n.t.1rrr.a.taat.

259 548 390 633 {ggg'fgfssml
416 551 616 624 coguitionem;
640 568 689 606 nec
712 559 738 605 te
761 550 884 624 praeterit
907 549 978 622 quod
1002 547 1163 622 quibusdam
1178 547 1273 623 Gryllo
1296 548 1491 605 stolidioribus
1513 552 1553 606 rix

261 637 361 693 l'aulns
385 638 441 710 ipse
465 636 627 709 persuadere
650 642 756 708 potest,
780 635 934 705 linguarum
956 633 1056 688 donum
1080 634 1152 689 inter
1174 634 1381 707 sanctispiritus
1403 634 1475 690 alona
1489 652 1553 691 oon·

261 723 406 779 rmmrrari.
451 721 504 776 lam
526 738 589 776 vero
612 719 788 794 pulcherrimi
811 719 891 774 buius
915 719 1032 774 instituti
1057 719 1096 774 tui
1125 716 1280 792 complures
1308 719 1487 776 ecclesiastici
1510 737 1552 776 or·

260 809 331 862 llinis
353 822 481 880 proceres
505 804 586 860 babes
608 813 771 865 sectatores.
801 804 846 876 qui
870 803 936 858 nibil
959 804 1049 876 prius.
1080 803 1146 858 nibil
1170 804 1308 876 antiquius
1330 803 1444 865 ducant.
1474 821 1551 878 mam

263 901 291 947 ut
316 893 356 945 sui
380 891 476 945 ‹liurna
499 898 686 961 nocturnaque
709 905 788 944 manu
812 888 918 943 volvant
940 887 1112 959 evangelicos
1139 895 1167 942 et
1195 887 1364 962 apostolicos
1393 887 1495 950 libros,
1523 898 1571 944 uta

263 977 308 1049 qui
333 993 386 1030 nou
412 976 539 1047 ignorent
562 975 610 1030 bac
635 983 688 1029 tam
711 971 823 1029 salutari
846 971 963 1028 lectione
989 976 1161 1029 introtescere
1190 988 1281 1028 verum
1304 972 1551 1035 Christianismum,

263 1078 317 1115 uon
342 1070 395 1115 tarn
419 1059 443 1114 in
468 1066 620 1114 exterarum
643 1075 734 1113 rerum
758 1058 861 1132 specle,
890 1075 968 1130 quarn
997 1075 1093 1113 areana
1117 1057 1231 1132 quadam
1254 1058 1315 1113 vitea
1337 1058 1496 1114 innocentia
1518 1059 1552 1114 sl·

263 1155 316 1199 tarn
340 1161 408 1198 esse.
453 1143 521 1210 llnirl
544 1145 614 1199 enim
638 1160 732 1198 eorum
756 1161 816 1216 qnae
840 1143 872 1197 ad
895 1142 1000 1198 doctam
1024 1144 1153 1215 pictatem
1175 1142 1324 1214 aagendam
1347 1143 1488 1217 pertinere
1509 1160 1547 1198 ar·

262 1220 526 1302 1¹„b1‘fe‘ffile'nffssloelffll
552 1227 696 1287 bitrentur.
721 1229 851 1282 omittunt
872 1227 1019 1283 lleveremli
1043 1244 1073 1282 ac
1096 1226 1147 1283 tleo
1171 1225 1298 1284 amabiles
1320 1236 1416 1301 patres
1437 1228 1467 1283 ll.
1484 1227 1549 1283 llar-

263 1305 425 1383 35„,¹'„‘„⁴,1„⁸l¹³⁸³'¹
451 1311 523 1366 tinus
547 1330 561 1366 a
584 1312 691 1367 Locbau
714 1310 858 1372 llellensis,
883 1312 909 1366 b.
931 1311 1029 1368 Petrus
1050 1312 1191 1368 Portensis
1213 1310 1346 1373 Abbates.
1370 1321 1399 1366 et
1421 1313 1450 1368 ll.
1472 1310 1581 1368 Unel-¹⁰

262 1389 433 1467 ”affifffi
444 1387 510 1472 ml
535 1396 607 1451 ricus
636 1396 743 1451 Plrister
774 1397 870 1469 lipsio.
898 1397 968 1469 apurl
996 1396 1085 1451 dirum
1115 1397 1243 1453 Tbonram
1273 1399 1457 1470 praepositum
1487 1397 1549 1452 item

261 1443 422 1560 ffi‘pssffim
440 1475 443 1555 j
469 1479 638 1535 Ebcrbartlus
654 1480 793 1536 Salilacins
809 1481 954 1537 Praelectus
970 1481 1165 1537 Canonicorum
1182 1481 1253 1554 apurl
1275 1489 1400 1537 sanctum
1422 1481 1548 1538 loannem

261 1567 288 1620 in
312 1565 480 1626 llalberstat.
512 1564 657 1638 theologiae
686 1565 807 1637 insigues
835 1583 929 1621 onrnes
956 1566 1059 1639 pariter
1085 1575 1112 1621 et
1134 1564 1327 1638 religiosorum
1350 1565 1549 1638 vigilantissimi

261 1649 409 1723 praesules?
432 1647 500 1714 Quia
524 1647 569 1704 ille
592 1666 728 1722 nunquam
752 1651 818 1706 satis
841 1650 963 1708 laudatus
986 1651 1129 1724 utriusque
1150 1649 1253 1722 linguae
1275 1650 1452 1707 doctissimus
1474 1651 1549 1708 loan-

260 1727 443 1811 lssgfflgjkffi'fl
467 1749 516 1788 nes
530 1733 639 1806 bangus
654 1736 859 1807 augustinianae
882 1735 1021 1807 religionis
1044 1752 1093 1808 per
1108 1734 1248 1792 Saxouiam
1270 1735 1406 1791 ricariusl
1426 1737 1470 1791 An
1493 1752 1546 1792 non
1560 1753 1580 1791 rs

262 1835 366 1874 onmem
391 1825 480 1873 moret
501 1817 631 1891 lapidem,
661 1827 690 1874 ut
719 1820 905 1876 caenobiorum
933 1837 1044 1875 suorum
1073 1820 1172 1876 fratres
1200 1820 1279 1876 bouis
1300 1819 1390 1876 literis
1413 1828 1490 1876 recte
1511 1820 1550 1875 in·

262 1903 371 1963 stituat,
395 1920 425 1959 ac
448 1903 490 1957 sni
513 1901 615 1959 similes
638 1904 744 1967 reddat,
774 1906 825 1961 boc
847 1913 902 1965 est,
932 1922 985 1960 non
1010 1905 1099 1961 minus
1120 1903 1243 1960 ‹loctrina
1265 1921 1346 1977 quam
1369 1905 1431 1962 ritae
1453 1905 1550 1961 uncti·

262 1987 350 2042 monia
372 1985 480 2042 claros?
508 1987 595 2043 Porro
624 1988 824 2061 ingratissimus
846 1988 1000 2046 mortalium
1024 2007 1126 2058 essem,
1156 2005 1351 2062 peccaremque
1373 1997 1402 2044 et
1424 1989 1549 2063 priratlm

261 2080 289 2127 et
311 2071 432 2144 publice.
461 2072 484 2126 si
514 2072 564 2128 boc
592 2072 654 2128 loco
682 2074 852 2147 praeterirem
881 2074 1014 2130 excelsum
1038 2073 1103 2129 lllnil
1127 2072 1318 2131 ecclesiasticae
1338 2071 1484 2146 dignitatis
1505 2073 1550 2137 de·

260 2174 309 2210 cos
337 2157 506 2228 eundemque
534 2157 677 2213 marimum
706 2159 853 2216 Germania
876 2158 989 2214 lleroern
1013 2158 1272 2230 bearmenotssimum
1302 2157 1406 2231 pariter
1432 2174 1465 2214 ac
1488 2156 1579 2213 illu-ro

261 2234 479 2318 ffssssllsslffllffl
494 2233 497 2318 l
514 2241 677 2298 strissimum
694 2244 721 2298 ll.
738 2241 879 2299 Albertum
895 2242 1062 2298 Carrlinalem
1078 2242 1277 2316 bloguntiacuur
1293 2243 1446 2317 principem
1461 2259 1548 2299 meum

261 2323 514 2387 cleurentissimum,
543 2326 621 2382 cuius
652 2328 760 2384 unicum
790 2336 832 2383 est
860 2328 992 2389 studium,
1027 2327 1114 2382 omnis
1146 2344 1223 2388 cura,
1257 2327 1374 2401 denique
1404 2326 1548 2383 solicittrrlo

261 2426 377 2470 summa,
407 2419 437 2465 ut
467 2409 545 2466 bonae
574 2410 660 2470 literae
683 2430 744 2468 cnm
768 2412 845 2468 bonis
868 2430 899 2468 ac
922 2413 1021 2468 sanctis
1044 2411 1165 2467 moribus
1188 2429 1238 2485 per
1260 2411 1445 2486 amplissimus
1466 2411 1549 2468 elicio·

243 2493 302 2549 ¹nis
325 2512 381 2549 suae
403 2494 529 2567 regiones
551 2495 653 2569 ubique
676 2497 865 2554 reflorescant:
888 2506 916 2552 ct
938 2497 964 2552 in
987 2498 1039 2553 boc
1061 2514 1114 2552 rron
1139 2495 1313 2552 tantumalit
1335 2505 1362 2551 et
1386 2496 1461 2552 loret
1483 2495 1549 2553 mul·

261 2586 318 2639 tos,
349 2579 395 2634 secl
424 2580 505 2635 ctiam
529 2580 634 2654 aliquot
656 2581 751 2655 procul
775 2582 888 2637 dissitos
911 2590 938 2638 ct
961 2582 993 2637 dc
1016 2582 1083 2637 facie
1107 2581 1231 2654 ignotos,
1261 2597 1293 2637 ea
1317 2581 1438 2636 nominis
1462 2589 1579 2637 umeros

259 2661 418 2719 celebritate
440 2664 582 2737 cognitos,
608 2665 770 2723 liberalitate
794 2685 840 2722 sua
864 2668 1057 2741 prosequitur,
1082 2675 1164 2722 aeut
1188 2666 1213 2720 in
1236 2664 1336 2721 sturliis
1351 2665 1476 2722 iurandis
1491 2682 1550 2739 per·

259 2757 340 2820 gant,
369 2749 477 2805 animat.
523 2749 586 2805 Eius
608 2751 761 2808 llccoenatis
791 2751 920 2825 auspiciis
949 2751 1016 2807 aleus
1045 2752 1164 2824 optimus
1192 2751 1324 2806 inanimus
1346 2749 1472 2806 seculum
1501 2751 1551 2806 boc

259 2841 385 2888 nostrum
400 2833 465 2889 viris
482 2835 508 2888 in
531 2836 604 2890 omni
627 2835 828 2909 disciplinarum
852 2853 952 2909 genere
975 2836 1165 2891 eruditissimis
1188 2851 1285 2891 ornare
1309 2833 1411 2897 voluit.
1434 2842 1467 2892 ut
1489 2852 1550 2909 spes

259 2918 295 2973 sit
319 2918 377 2973 lore
400 2920 528 2992 posthac.
552 2928 581 2974 ut
604 2921 764 2993 superstitio
787 2921 937 2981 decrescat,
968 2937 1028 2975 vera
1051 2921 1138 2994 pletas
1161 2928 1307 2992 augeatur.
1330 2919 1549 2994 quandoquidem

259 3003 437 3059 rellorcscnut
461 3005 512 3058 iarn
536 3003 606 3059 bona
629 3005 731 3068 stntlia.
756 3014 783 3061 et
805 3023 914 3078 pessum
938 3006 959 3060 it
980 3022 1093 3079 spurca.
1118 3005 1187 3061 lmrla
1210 3005 1432 3078 rlerlccorosaque
1454 3003 1580 3061 barba-a

259 3088 327 3150 ries;
358 3096 414 3143 tnm
439 3088 548 3161 impium
572 3088 636 3145 illurl
661 3090 763 3145 rixanrli
792 3090 910 3145 studium
937 3092 965 3144 ln
996 3106 1087 3162 pacem
1111 3099 1138 3146 et
1161 3098 1261 3146 mutua
1283 3089 1441 3146 conconliae
1465 3087 1550 3145 loerlus

260 3173 424 3233 trarlucitnr.
455 3191 516 3229 vera
540 3174 652 3235 locatis,
682 3184 814 3248 perpetua
838 3175 959 3235 collucis,
990 3192 1065 3231 sacra
1088 3173 1249 3248 prophanis,
1276 3172 1401 3231 coelestia
1423 3174 1550 3234 terrenis,

258 3257 358 3312 Christi
381 3260 488 3313 eteius
512 3258 698 3332 apostolorum
723 3268 753 3315 ut
777 3258 969 3319 saluberrima.
999 3261 1035 3314 ita
1065 3268 1093 3315 ct
1122 3260 1272 3315 necessaria
1295 3266 1436 3333 praecepta
1460 3259 1551 3316 nunn-

258 3342 300 3396 nis
332 3342 535 3398 tradiciuucnlis
564 3344 755 3416 praeferuntur.
801 3344 852 3399 Secl
880 3345 944 3418 qunt
973 3361 1025 3417 ogo
1056 3345 1173 3399 instituti
1201 3343 1253 3399 mei
1288 3343 1408 3405 oblitus.
1442 3344 1551 3417 longius

258 3444 337 3500 qnam
361 3425 497 3488 volebant,
521 3428 577 3484 lraec
598 3428 787 3485 circumduco?
819 3429 949 3502 llcceptui
971 3446 1079 3490 canaan,
1109 3445 1141 3483 ne
1162 3428 1330 3484 dedicatoria
1352 3429 1472 3503 epistola
1495 3443 1581 3484 nno-a

257 3513 349 3566 roslar
377 3510 541 3586 longiorque
571 3514 606 3569 sit
634 3514 693 3587 ipso
722 3531 857 3570 sermone.
904 3515 943 3569 'ln
974 3514 1053 3569 ctiam
1085 3522 1167 3586 atque
1190 3513 1271 3569 etiam
1294 3530 1361 3569 cura
1386 3516 1427 3570 uti
1449 3512 1549 3574 valeas.

256 3603 284 3650 et
305 3596 539 3653 llerercmlissirno
561 3598 689 3654 cardinali
713 3599 823 3654 rlomluo
847 3616 907 3653 roeo
936 3597 1147 3654 clementissimo
1178 3597 1326 3672 plurimum
1349 3614 1393 3656 me
1416 3615 1551 3656 commen·

255 3681 312 3736 des.
336 3681 447 3757 lipsiae,
471 3683 595 3738 Caleurlis
618 3683 710 3739 luniis.
733 3686 812 3739 bano
836 3682 962 3738 ,ttbttt
