3270 5354
168 338 241 408 4122
261 366 433 403 abstrusum
448 363 552 401 BYzElll
565 363 727 400 umvut’uvs
740 361 878 398 DOCTORIS
892 362 1033 400 ttuvcuntrt
1047 363 1447 404 8.10A.cnritrottrsrrrtoorttotr.

370 522 483 600 impete
505 537 682 598 congressus
705 518 814 579 lundit:
839 518 950 579 vidistis
972 525 1089 580 euntem

371 623 480 684 Fronte
503 619 622 690 humili,
646 622 738 690 cives,
762 620 884 681 audistis
906 619 1067 681 humillima
1090 620 1179 683 verba

370 721 497 785 Ridiculi
519 724 636 802 capitis,
660 724 763 802 utqui
785 720 826 782 nil
848 722 940 783 llarte
964 721 1073 784 valeret
1112 793 1115 799 ,

372 825 488 888 Fraude
510 842 584 884 nova
608 831 735 902 peteret,
759 824 886 885 demisso
908 823 949 884 ibi
972 824 1103 902 perfidus
1125 843 1194 895 ore,

295 970 298 976 ,
324 950 361 990 roo
375 925 517 996 Pallidus,
542 926 675 986 informis
699 927 877 1005 (quanquam
901 932 946 986 est
967 925 1025 987 hoe
1047 927 1175 1005 semper)
1199 936 1229 988 et
1249 936 1312 990 atra

371 1027 491 1091 Flebilis
512 1031 543 1089 in
567 1030 679 1098 tunica,
703 1028 864 1088 monachos
886 1028 960 1096 adit,
983 1027 1062 1089 baud
1084 1029 1124 1089 ita
1147 1028 1216 1090 lacti

371 1132 509 1210 lgnaros,
534 1137 566 1191 ut
587 1129 687 1210 Apella
711 1129 779 1190 dolo
803 1131 973 1208 praetendit,
998 1136 1030 1189 ut
1052 1132 1107 1208 ipsi

371 1234 436 1295 lloc
457 1233 604 1294 simulant.
629 1240 699 1293 tunc
722 1231 792 1293 laisa
815 1240 913 1294 rnoret
935 1233 1086 1293 miseratio
1109 1232 1230 1295 Fratres
1315 1231 1445 1319 lffffi

372 1336 515 1396 Continuo
539 1344 567 1396 et
589 1333 699 1396 bellurn
723 1333 865 1413 Capnioni
888 1336 971 1395 triste
992 1336 1160 1406 minantur,

322 1460 357 1500 ros
372 1438 408 1499 Ni
430 1440 514 1517 siqua
537 1436 669 1498 ediderat
691 1435 810 1496 damnet
832 1435 1013 1516 verbumque
1036 1443 1190 1499 retractet:

372 1539 443 1601 Esse
466 1537 574 1619 aliquid
597 1539 739 1617 scripturn
763 1538 929 1599 damnabile
951 1557 1043 1618 seque
1064 1540 1176 1617 peritos

370 1641 446 1702 Hinc
467 1640 536 1703 inde
559 1647 693 1719 arreptos
715 1641 794 1701 varie
816 1640 984 1702 distendere
1006 1658 1111 1703 sensus

371 1743 407 1803 Et
429 1750 594 1803 monstrare
616 1743 713 1812 nelos,
738 1761 884 1822 quemque
906 1744 1087 1820 ignoraverit
1107 1744 1171 1823 ipse

370 1844 478 1906 Eluere
501 1863 653 1914 errorem,
678 1844 757 1906 solos
779 1864 811 1906 se
833 1861 957 1906 cernere
979 1863 1098 1915 verum,

319 1947 463 2026 rooldque
487 1946 524 2008 ab
546 1966 578 2008 sc
601 1949 703 2026 quaeri.
728 1954 815 2026 negat
837 1945 884 2007 ille
908 1964 1038 2017 errasse,
1061 1955 1183 2026 paratur

370 2049 527 2120 iudicium,
552 2056 669 2110 accusat
692 2049 871 2128 Capnionem
895 2057 923 2110 et
945 2050 1054 2111 iudicat
1075 2049 1152 2112 idem
1262 2051 1448 2131 pamm·

370 2153 446 2212 Acer
468 2151 679 2230 llogostratus‚
693 2152 820 2229 *scriptis
842 2170 960 2231 quoque
983 2150 1090 2215 ledere
1112 2161 1268 2230 quaerunt;

370 2253 505 2316 dilexere
528 2252 619 2316 Ubios
642 2253 779 2313 Fratrum
803 2254 838 2314 ad
861 2273 893 2313 se
916 2261 1011 2333 coepta
1035 2254 1203 2332 Sophistas,

372 2357 434 2417 Una
458 2374 561 2418 omnes
585 2374 673 2416 ruere
696 2363 726 2417 et
747 2373 877 2434 pugnarn
899 2358 1025 2417 miscere
1048 2358 1160 2436 parati:

320 2481 358 2521 ros
372 2459 501 2520 Pallidus
522 2461 553 2519 in
576 2458 680 2536 [trimis
703 2466 732 2518 et
754 2456 842 2519 olenti
864 2458 1021 2538 'iungarus
1043 2476 1096 2518 ore

372 2561 455 2625 Ultro
479 2559 583 2621 scribit
605 2578 696 2638 opus,
720 2562 767 2620 cui
789 2560 935 2639 putidiore
959 2560 1088 2622 llinerra

371 2664 479 2724 Ebrius
502 2662 641 2724 Ortvinus
664 2661 778 2723 scabris
800 2681 832 2722 se
856 2662 989 2723 versibus
1010 2663 1107 2730 addit:

374 2765 484 2828 Deinde
507 2763 555 2825 alii
577 2772 700 2826 certant.
745 2764 805 2824 llos
827 2772 876 2836 tu,
900 2764 1079 2845 Chrysippe,
1103 2766 1221 2828 Meneni

373 2869 438 2930 Non
462 2868 552 2929 addes
573 2865 702 2945 populo‘t
725 2865 770 2927 vol
793 2884 850 2926 non
874 2867 1025 2927 damnabis
1047 2876 1149 2947 aperte

323 2971 532 3034 arollstensum
555 2968 633 3030 nulla
655 2971 794 3048 Anticyra
817 2968 969 3048 purgabile
993 2971 1088 3031 virus?

372 3072 540 3135 Ridiculum
563 3069 672 3132 bellum
695 3070 765 3131 illud
789 3079 868 3140 erat;
892 3071 942 3132 sed
966 3072 1078 3151 grande
1101 3072 1260 3150 periclum,

371 3176 406 3236 lli
430 3174 526 3235 latuos
548 3192 637 3234 ausus
659 3181 688 3235 et
710 3173 925 3235 dementissima
950 3182 1043 3252 coepta

370 3278 523 3355 Ingenium
546 3283 682 3355 notaque
705 3277 758 3335 viri
782 3276 915 3337 Facundia
938 3276 1033 3337 laudis

371 3377 514 3441 Ostendat
535 3380 662 3448 cunetis,
687 3380 832 3458 Capnioni
853 3377 983 3439 instabat
1004 3386 1034 3440 et
1055 3379 1132 3455 ignis

321 3470 360 3543 rra
376 3483 484 3544 Caussa
507 3479 681 3560 gerebatur,
703 3499 791 3558 quarn
815 3498 874 3560 quo
897 3482 1032 3559 graviore
1054 3479 1166 3559 periclo

369 3583 443 3645 llern
467 3583 607 3652 coniecit,
632 3600 667 3643 eo
689 3582 802 3643 devicto
824 3581 919 3643 laetior
941 3583 1027 3644 hoste

371 3686 453 3747 llicat
474 3685 522 3754 lo,
546 3687 569 3745 si
592 3702 624 3746 se
648 3684 728 3743 novit
750 3685 922 3759 Germania,
946 3685 1032 3746 dicat.

433 3786 456 3847 F
459 3786 549 3848 letum
570 3784 748 3855 lleraclites,
771 3788 863 3847 risum
886 3786 1073 3848 Democritus
1094 3789 1150 3849 iret
1314 3785 1453 3871 {ggfflffl

234 4039 264 4074 ¹⁰¹
286 4041 437 4093 monachus
456 4045 482 4092 t.
542 4038 574 4073 ¹⁰⁰
592 4041 616 4090 si
635 4055 696 4104 quae
716 4043 775 4090 Μ.
799 4039 860 4090 Nisi
878 4056 939 4105 quse
960 4045 982 4090 7.
1042 4041 1176 4092 aediderat
1196 4045 1255 4092 Μ.
1310 4041 1343 4074 ¹⁰⁰
1362 4053 1455 4107 quenqp

166 4130 222 4176 1.2.
244 4141 370 4192 querique
389 4130 447 4176 M.
496 4124 526 4158 ¹⁰⁰
545 4124 642 4178 solot.
695 4122 728 4157 ⁰⁰⁰
747 4120 807 4190 ille]
826 4125 940 4186 Noster,
960 4125 1094 4191 capnion.
1141 4124 1172 4157 ²⁰¹
1192 4125 1455 4177 ludiciumt.2.5.d.

164 4208 196 4244 ¹⁰¹
215 4212 401 4277 Hogostratus
419 4210 480 4274 (una
492 4210 515 4276 t)
532 4217 624 4261 contro
641 4226 716 4276 quam
734 4211 803 4275 quod
818 4213 908 4267 solent,
927 4211 951 4260 a.
965 4214 981 4260 t.
995 4211 1087 4261 labent
1105 4215 1180 4261 ettam
1193 4216 1283 4265 1.2.5.
1303 4212 1455 4276 llogostrat·

164 4300 209 4346 tus
223 4300 248 4347 3.
257 4299 282 4347 4.
329 4294 363 4329 ²⁰⁰
380 4297 513 4362 imprimis
527 4299 552 4346 3.
560 4299 585 4347 4.
593 4300 615 4346 7.
661 4293 695 4327 ²⁰⁰
714 4294 784 4358 „hoc
803 4309 910 4360 quoque
928 4294 1026 4361 volgus
1042 4294 1046 4360 Ι
1061 4295 1231 4362 Chrysippus
1249 4298 1329 4363 ponit
1347 4295 1456 4347 iocunda

163 4380 193 4431 in
211 4385 294 4446 gente
312 4381 450 4434 Meneni”.
469 4383 537 4433 lior.
550 4385 602 4431 sat.
616 4381 653 4431 11.
667 4380 692 4431 3.
705 4389 800 4445 ‘redsq
814 4396 875 4430 cum
887 4380 1019 4445 Porphyr.
1034 4381 1121 4432 schol.
1183 4379 1217 4414 ⁰⁰⁰
1235 4399 1300 4447 pop.
1312 4378 1395 4447 Men]
1408 4383 1454 4430 ine·

165 4468 221 4528 pto,
233 4463 328 4516 stulto.
379 4463 414 4497 ²¹⁰
430 4464 532 4532 Antio]
556 4482 605 4532 pro
628 4465 785 4529 helleboro,
809 4466 856 4531 qui
880 4466 909 4515 in
927 4482 962 4517 ea
985 4467 1069 4516 maris
1086 4467 1184 4533 Aegaei
1207 4466 1310 4518 insula·
1323 4467 1454 4518 laetissime

104 4592 109 4599 .
164 4550 297 4601 nuscitur.
356 4547 389 4583 ¹¹⁴
406 4548 490 4617 ignis]
509 4551 647 4602 haereseos
665 4567 756 4617 poena.
823 4549 857 4583 ²¹⁵
875 4551 967 4603 Causa
986 4555 1076 4602 347.
1136 4549 1169 4583 ¹¹⁰
1187 4552 1347 4603 Heraclites
1364 4559 1455 4602 temere

164 4633 218 4685 sibi
236 4634 307 4685 lecit
324 4640 421 4686 auctor
439 4652 471 4685 ex
486 4625 676 4700 Ἡράκλειτος.
700 4637 745 4687 lta
765 4637 869 4688 ‘Risum
879 4635 1034 4688 Heraclitae
1049 4638 1099 4687 est'
1112 4636 1392 4703 incipitepigramma
1402 4649 1453 4702 par·

165 4716 201 4769 tic
216 4717 254 4769 11.
265 4718 451 4784 Epistolarum
470 4719 504 4770 0.
517 4721 549 4771 V.
