<?xml version="1.0" encoding="UTF-8"?>
<!DOCTYPE html PUBLIC "-//W3C//DTD XHTML 1.0 Transitional//EN"
    "http://www.w3.org/TR/xhtml1/DTD/xhtml1-transitional.dtd">
<html xmlns="http://www.w3.org/1999/xhtml" xml:lang="en" lang="en">
 <head>
  <title>
</title>
<meta http-equiv="Content-Type" content="text/html;charset=utf-8" />
  <meta name='ocr-system' content='tesseract 3.04.00' />
  <meta name='ocr-capabilities' content='ocr_page ocr_carea ocr_par ocr_line ocrx_word'/>
</head>
<body>
  <div class='ocr_page' id='page_1' title='image "./ulrichihuttenie08huttgoog_0178.png"; bbox 0 0 3270 5354; ppageno 0'>
   <div class='ocr_carea' id='block_1_1' title="bbox 168 334 1411 407">
    <p class='ocr_par' dir='ltr' id='par_1_1' title="bbox 168 334 1411 407">
     <span class='ocr_line' id='line_1_1' title="bbox 168 334 1411 407; baseline -0.002 -6"><span class='ocrx_word' id='word_1_1' title='bbox 168 364 258 405; x_wconf 75' lang='lat' dir='ltr'><strong>mr</strong></span> <span class='ocrx_word' id='word_1_2' title='bbox 266 362 590 401; x_wconf 68' lang='lat' dir='ltr'><strong>mulnrrururnrauru</strong></span> <span class='ocrx_word' id='word_1_3' title='bbox 602 364 638 399; x_wconf 85' lang='lat' dir='ltr'><strong>vr</strong></span> <span class='ocrx_word' id='word_1_4' title='bbox 648 364 759 398; x_wconf 72' lang='lat' dir='ltr'><strong>nsrnru</strong></span> <span class='ocrx_word' id='word_1_5' title='bbox 770 364 799 399; x_wconf 79' lang='lat' dir='ltr'><strong>an</strong></span> <span class='ocrx_word' id='word_1_6' title='bbox 810 350 935 399; x_wconf 73' lang='lat' dir='ltr'><strong>scurras</strong></span> <span class='ocrx_word' id='word_1_7' title='bbox 944 362 1061 407; x_wconf 71' lang='lat' dir='ltr'><strong>cnosso.</strong></span> <span class='ocrx_word' id='word_1_8' title='bbox 1069 364 1317 403; x_wconf 76' lang='lat' dir='ltr'><strong>nxnonraroarvu.</strong></span> <span class='ocrx_word' id='word_1_9' title='bbox 1339 334 1411 407; x_wconf 78' lang='grc'><strong>143</strong></span> 
     </span>
    </p>
   </div>
   <div class='ocr_carea' id='block_1_2' title="bbox 276 517 1197 2731">
    <p class='ocr_par' dir='ltr' id='par_1_2' title="bbox 276 517 1197 2731">
     <span class='ocr_line' id='line_1_2' title="bbox 322 517 1167 590; baseline 0 -9"><span class='ocrx_word' id='word_1_10' title='bbox 322 518 481 581; x_wconf 74' lang='lat' dir='ltr'><strong>immittant</strong></span> <span class='ocrx_word' id='word_1_11' title='bbox 504 518 622 580; x_wconf 85' lang='lat' dir='ltr'><strong>Venetis</strong></span> <span class='ocrx_word' id='word_1_12' title='bbox 643 517 756 579; x_wconf 81' lang='lat' dir='ltr'><strong>tristem</strong></span> <span class='ocrx_word' id='word_1_13' title='bbox 779 518 852 577; x_wconf 81' lang='lat' dir='ltr'><strong>varta</strong></span> <span class='ocrx_word' id='word_1_14' title='bbox 874 517 1005 579; x_wconf 87' lang='lat' dir='ltr'><strong>Baithica</strong></span> <span class='ocrx_word' id='word_1_15' title='bbox 1028 517 1167 590; x_wconf 81' lang='lat' dir='ltr'><strong>classem,</strong></span> 
     </span>
     <span class='ocr_line' id='line_1_3' title="bbox 405 619 1060 697; baseline -0.003 -14"><span class='ocrx_word' id='word_1_16' title='bbox 405 622 510 691; x_wconf 78' lang='lat' dir='ltr'><strong>Arma,</strong></span> <span class='ocrx_word' id='word_1_17' title='bbox 533 622 612 681; x_wconf 73' lang='lat' dir='ltr'><strong>siros</strong></span> <span class='ocrx_word' id='word_1_18' title='bbox 634 621 740 697; x_wconf 88' lang='lat' dir='ltr'><strong>ingens</strong></span> <span class='ocrx_word' id='word_1_19' title='bbox 762 621 889 680; x_wconf 92' lang='lat' dir='ltr'><strong>concitet</strong></span> <span class='ocrx_word' id='word_1_20' title='bbox 911 619 1060 688; x_wconf 77' lang='lat' dir='ltr'><strong>Oceanus:</strong></span> 
     </span>
     <span class='ocr_line' id='line_1_4' title="bbox 322 720 1191 801; baseline -0.002 -18"><span class='ocrx_word' id='word_1_21' title='bbox 322 722 388 783; x_wconf 81' lang='lat' dir='ltr'><strong>Huc</strong></span> <span class='ocrx_word' id='word_1_22' title='bbox 408 739 527 801; x_wconf 93' lang='lat' dir='ltr'><strong>quoqne</strong></span> <span class='ocrx_word' id='word_1_23' title='bbox 549 720 682 783; x_wconf 85' lang='lat' dir='ltr'><strong>littoreos</strong></span> <span class='ocrx_word' id='word_1_24' title='bbox 704 729 820 782; x_wconf 85' lang='lat' dir='ltr'><strong>moreat</strong></span> <span class='ocrx_word' id='word_1_25' title='bbox 842 739 930 782; x_wconf 87' lang='lat' dir='ltr'><strong>causa</strong></span> <span class='ocrx_word' id='word_1_26' title='bbox 954 724 1006 782; x_wconf 88' lang='lat' dir='ltr'><strong>ista</strong></span> <span class='ocrx_word' id='word_1_27' title='bbox 1031 720 1191 791; x_wconf 81' lang='lat' dir='ltr'><strong>Bornssos,</strong></span> 
     </span>
     <span class='ocr_line' id='line_1_5' title="bbox 277 822 1046 901; baseline -0.005 -16"><span class='ocrx_word' id='word_1_28' title='bbox 277 842 313 885; x_wconf 78' lang='lat' dir='ltr'><strong>uo</strong></span> <span class='ocrx_word' id='word_1_29' title='bbox 403 822 558 883; x_wconf 82' lang='lat' dir='ltr'><strong>Finitimos</strong></span> <span class='ocrx_word' id='word_1_30' title='bbox 580 823 680 901; x_wconf 88' lang='lat' dir='ltr'><strong>agris,</strong></span> <span class='ocrx_word' id='word_1_31' title='bbox 703 824 837 883; x_wconf 85' lang='lat' dir='ltr'><strong>Sarmata</strong></span> <span class='ocrx_word' id='word_1_32' title='bbox 859 823 950 891; x_wconf 89' lang='lat' dir='ltr'><strong>dure,</strong></span> <span class='ocrx_word' id='word_1_33' title='bbox 974 824 1046 890; x_wconf 87' lang='lat' dir='ltr'><strong>tuis;</strong></span> 
     </span>
     <span class='ocr_line' id='line_1_6' title="bbox 323 923 1102 1001; baseline -0.001 -14"><span class='ocrx_word' id='word_1_34' title='bbox 323 924 412 987; x_wconf 86' lang='lat' dir='ltr'><strong>lstuia</strong></span> <span class='ocrx_word' id='word_1_35' title='bbox 433 932 479 986; x_wconf 91' lang='lat' dir='ltr'><strong>tot</strong></span> <span class='ocrx_word' id='word_1_36' title='bbox 500 923 632 993; x_wconf 80' lang='lat' dir='ltr'><strong>Tenetis,</strong></span> <span class='ocrx_word' id='word_1_37' title='bbox 656 931 700 984; x_wconf 87' lang='lat' dir='ltr'><strong>tot</strong></span> <span class='ocrx_word' id='word_1_38' title='bbox 721 926 841 985; x_wconf 84' lang='lat' dir='ltr'><strong>misceat</strong></span> <span class='ocrx_word' id='word_1_39' title='bbox 863 924 960 985; x_wconf 88' lang='lat' dir='ltr'><strong>Odera</strong></span> <span class='ocrx_word' id='word_1_40' title='bbox 983 932 1102 1001; x_wconf 90' lang='lat' dir='ltr'><strong>gentos,</strong></span> 
     </span>
     <span class='ocr_line' id='line_1_7' title="bbox 407 1026 1097 1105; baseline -0.003 -16"><span class='ocrx_word' id='word_1_41' title='bbox 407 1026 560 1105; x_wconf 76' lang='lat' dir='ltr'>Causaque</span> <span class='ocrx_word' id='word_1_42' title='bbox 582 1026 715 1088; x_wconf 81' lang='lat' dir='ltr'><strong>diversos</strong></span> <span class='ocrx_word' id='word_1_43' title='bbox 737 1027 891 1087; x_wconf 81' lang='lat' dir='ltr'><strong>contrahat</strong></span> <span class='ocrx_word' id='word_1_44' title='bbox 912 1044 970 1087; x_wconf 93' lang='lat' dir='ltr'><strong>una</strong></span> <span class='ocrx_word' id='word_1_45' title='bbox 993 1026 1097 1087; x_wconf 85' lang='lat' dir='ltr'><strong>duces:</strong></span> 
     </span>
     <span class='ocr_line' id='line_1_8' title="bbox 323 1126 1110 1208; baseline -0.004 -20"><span class='ocrx_word' id='word_1_46' title='bbox 323 1128 401 1201; x_wconf 80' lang='lat' dir='ltr'><strong>Quot</strong></span> <span class='ocrx_word' id='word_1_47' title='bbox 422 1126 540 1208; x_wconf 88' lang='lat' dir='ltr'><strong>populis</strong></span> <span class='ocrx_word' id='word_1_48' title='bbox 562 1129 720 1207; x_wconf 86' lang='lat' dir='ltr'><strong>animoque</strong></span> <span class='ocrx_word' id='word_1_49' title='bbox 742 1134 793 1188; x_wconf 88' lang='lat' dir='ltr'><strong>tuo</strong></span> <span class='ocrx_word' id='word_1_50' title='bbox 816 1134 954 1189; x_wconf 86' lang='lat' dir='ltr'><strong>contente</strong></span> <span class='ocrx_word' id='word_1_51' title='bbox 977 1127 1110 1189; x_wconf 83' lang='lat' dir='ltr'><strong>domabis</strong></span> 
     </span>
     <span class='ocr_line' id='line_1_9' title="bbox 276 1228 1007 1293; baseline 0.001 -4"><span class='ocrx_word' id='word_1_52' title='bbox 276 1247 312 1289; x_wconf 80' lang='lat' dir='ltr'><strong>ros</strong></span> <span class='ocrx_word' id='word_1_53' title='bbox 403 1228 545 1293; x_wconf 85' lang='lat' dir='ltr'><strong>Herribiii</strong></span> <span class='ocrx_word' id='word_1_54' title='bbox 567 1228 693 1292; x_wconf 87' lang='lat' dir='ltr'><strong>Venetas</strong></span> <span class='ocrx_word' id='word_1_55' title='bbox 715 1228 870 1291; x_wconf 82' lang='lat' dir='ltr'><strong>obsidione</strong></span> <span class='ocrx_word' id='word_1_56' title='bbox 892 1248 1007 1292; x_wconf 90' lang='lat' dir='ltr'><strong>manus.</strong></span> 
     </span>
     <span class='ocr_line' id='line_1_10' title="bbox 322 1329 1111 1410; baseline 0.003 -19"><span class='ocrx_word' id='word_1_57' title='bbox 322 1329 413 1392; x_wconf 76' lang='lat' dir='ltr'><strong>Ardet</strong></span> <span class='ocrx_word' id='word_1_58' title='bbox 433 1337 464 1393; x_wconf 86' lang='lat' dir='ltr'><strong>et</strong></span> <span class='ocrx_word' id='word_1_59' title='bbox 484 1333 634 1409; x_wconf 87' lang='lat' dir='ltr'><strong>antiquam</strong></span> <span class='ocrx_word' id='word_1_60' title='bbox 657 1341 795 1410; x_wconf 89' lang='lat' dir='ltr'><strong>repetens</strong></span> <span class='ocrx_word' id='word_1_61' title='bbox 817 1330 973 1391; x_wconf 78' lang='lat' dir='ltr'><strong>Germania</strong></span> <span class='ocrx_word' id='word_1_62' title='bbox 995 1330 1111 1393; x_wconf 76' lang='lat' dir='ltr'><strong>laudem</strong></span> 
     </span>
     <span class='ocr_line' id='line_1_11' title="bbox 325 1430 1119 1513; baseline 0.001 -20"><span class='ocrx_word' id='word_1_63' title='bbox 325 1490 329 1499; x_wconf 84' lang='grc'><strong>,</strong></span> <span class='ocrx_word' id='word_1_64' title='bbox 407 1430 532 1511; x_wconf 74' lang='lat' dir='ltr'><strong>Egregie</strong></span> <span class='ocrx_word' id='word_1_65' title='bbox 553 1436 712 1513; x_wconf 77' lang='lat' dir='ltr'><strong>quicquain</strong></span> <span class='ocrx_word' id='word_1_66' title='bbox 734 1431 814 1511; x_wconf 93' lang='lat' dir='ltr'><strong>quod</strong></span> <span class='ocrx_word' id='word_1_67' title='bbox 837 1440 922 1509; x_wconf 88' lang='lat' dir='ltr'><strong>gerat</strong></span> <span class='ocrx_word' id='word_1_68' title='bbox 943 1452 1008 1493; x_wconf 87' lang='lat' dir='ltr'><strong>esse</strong></span> <span class='ocrx_word' id='word_1_69' title='bbox 1030 1433 1119 1513; x_wconf 89' lang='lat' dir='ltr'><strong>cupit.</strong></span> 
     </span>
     <span class='ocr_line' id='line_1_12' title="bbox 323 1532 1124 1613; baseline 0 -18"><span class='ocrx_word' id='word_1_70' title='bbox 323 1532 415 1595; x_wconf 87' lang='lat' dir='ltr'><strong>Tauta</strong></span> <span class='ocrx_word' id='word_1_71' title='bbox 438 1532 659 1613; x_wconf 71' lang='lat' dir='ltr'><strong>quibusvirtus</strong></span> <span class='ocrx_word' id='word_1_72' title='bbox 682 1535 812 1595; x_wconf 86' lang='lat' dir='ltr'><strong>animosa</strong></span> <span class='ocrx_word' id='word_1_73' title='bbox 836 1536 864 1595; x_wconf 86' lang='lat' dir='ltr'><strong>in</strong></span> <span class='ocrx_word' id='word_1_74' title='bbox 887 1541 1009 1612; x_wconf 85' lang='lat' dir='ltr'><strong>pectora</strong></span> <span class='ocrx_word' id='word_1_75' title='bbox 1031 1536 1124 1604; x_wconf 89' lang='lat' dir='ltr'><strong>venit,</strong></span> 
     </span>
     <span class='ocr_line' id='line_1_13' title="bbox 277 1634 1006 1713; baseline 0 -16"><span class='ocrx_word' id='word_1_76' title='bbox 277 1654 313 1697; x_wconf 79' lang='lat' dir='ltr'><strong>ru</strong></span> <span class='ocrx_word' id='word_1_77' title='bbox 406 1635 444 1697; x_wconf 85' lang='lat' dir='ltr'><strong>Ut</strong></span> <span class='ocrx_word' id='word_1_78' title='bbox 465 1637 586 1713; x_wconf 80' lang='lat' dir='ltr'><strong>nuptant</strong></span> <span class='ocrx_word' id='word_1_79' title='bbox 608 1634 710 1697; x_wconf 85' lang='lat' dir='ltr'><strong>laudes</strong></span> <span class='ocrx_word' id='word_1_80' title='bbox 730 1637 838 1713; x_wconf 89' lang='lat' dir='ltr'><strong>ingiter</strong></span> <span class='ocrx_word' id='word_1_81' title='bbox 860 1638 904 1697; x_wconf 87' lang='lat' dir='ltr'><strong>ire</strong></span> <span class='ocrx_word' id='word_1_82' title='bbox 924 1643 1006 1705; x_wconf 86' lang='lat' dir='ltr'><strong>tuas,</strong></span> 
     </span>
     <span class='ocr_line' id='line_1_14' title="bbox 325 1736 1197 1817; baseline 0 -20"><span class='ocrx_word' id='word_1_83' title='bbox 325 1736 436 1816; x_wconf 87' lang='lat' dir='ltr'><strong>Sponte</strong></span> <span class='ocrx_word' id='word_1_84' title='bbox 458 1754 510 1798; x_wconf 92' lang='lat' dir='ltr'><strong>sua</strong></span> <span class='ocrx_word' id='word_1_85' title='bbox 533 1737 585 1815; x_wconf 90' lang='lat' dir='ltr'><strong>qui</strong></span> <span class='ocrx_word' id='word_1_86' title='bbox 607 1743 636 1799; x_wconf 88' lang='lat' dir='ltr'><strong>te</strong></span> <span class='ocrx_word' id='word_1_87' title='bbox 658 1755 740 1797; x_wconf 87' lang='lat' dir='ltr'><strong>arma</strong></span> <span class='ocrx_word' id='word_1_88' title='bbox 763 1745 881 1817; x_wconf 88' lang='lat' dir='ltr'><strong>petunt,</strong></span> <span class='ocrx_word' id='word_1_89' title='bbox 904 1738 1005 1817; x_wconf 77' lang='lat' dir='ltr'><strong>praebe</strong></span> <span class='ocrx_word' id='word_1_90' title='bbox 1027 1755 1118 1817; x_wconf 74' lang='lat' dir='ltr'><strong>ocyus</strong></span> <span class='ocrx_word' id='word_1_91' title='bbox 1139 1736 1197 1798; x_wconf 85' lang='lat' dir='ltr'><strong>iliis</strong></span> 
     </span>
     <span class='ocr_line' id='line_1_15' title="bbox 410 1838 1069 1918; baseline 0 -19"><span class='ocrx_word' id='word_1_92' title='bbox 410 1838 586 1901; x_wconf 85' lang='lat' dir='ltr'><strong>Tomentum</strong></span> <span class='ocrx_word' id='word_1_93' title='bbox 609 1856 716 1917; x_wconf 79' lang='lat' dir='ltr'><strong>pugna</strong></span> <span class='ocrx_word' id='word_1_94' title='bbox 738 1842 949 1918; x_wconf 85' lang='lat' dir='ltr'><strong>rnateriamque</strong></span> <span class='ocrx_word' id='word_1_95' title='bbox 971 1857 1069 1909; x_wconf 69' lang='lat' dir='ltr'><strong>novam</strong></span> 
     </span>
     <span class='ocr_line' id='line_1_16' title="bbox 325 1938 1030 2020; baseline 0.001 -19"><span class='ocrx_word' id='word_1_96' title='bbox 325 1938 429 2001; x_wconf 83' lang='lat' dir='ltr'><strong>Praehe</strong></span> <span class='ocrx_word' id='word_1_97' title='bbox 450 1939 506 2001; x_wconf 86' lang='lat' dir='ltr'><strong>iilis</strong></span> <span class='ocrx_word' id='word_1_98' title='bbox 528 1957 587 2018; x_wconf 92' lang='lat' dir='ltr'><strong>quo</strong></span> <span class='ocrx_word' id='word_1_99' title='bbox 609 1958 641 2001; x_wconf 91' lang='lat' dir='ltr'><strong>se</strong></span> <span class='ocrx_word' id='word_1_100' title='bbox 662 1942 766 2020; x_wconf 89' lang='lat' dir='ltr'><strong>primis</strong></span> <span class='ocrx_word' id='word_1_101' title='bbox 788 1950 924 2003; x_wconf 81' lang='lat' dir='ltr'><strong>exerrent</strong></span> <span class='ocrx_word' id='word_1_102' title='bbox 945 1942 1030 2002; x_wconf 89' lang='lat' dir='ltr'><strong>annis</strong></span> 
     </span>
     <span class='ocr_line' id='line_1_17' title="bbox 277 2041 1094 2121; baseline 0.001 -20"><span class='ocrx_word' id='word_1_103' title='bbox 277 2060 314 2103; x_wconf 79' lang='lat' dir='ltr'><strong>aa</strong></span> <span class='ocrx_word' id='word_1_104' title='bbox 406 2042 505 2121; x_wconf 81' lang='lat' dir='ltr'>Siquis</span> <span class='ocrx_word' id='word_1_105' title='bbox 526 2043 556 2101; x_wconf 93' lang='lat' dir='ltr'><strong>in</strong></span> <span class='ocrx_word' id='word_1_106' title='bbox 579 2042 635 2103; x_wconf 86' lang='lat' dir='ltr'><strong>hac</strong></span> <span class='ocrx_word' id='word_1_107' title='bbox 658 2041 744 2102; x_wconf 90' lang='lat' dir='ltr'><strong>turba</strong></span> <span class='ocrx_word' id='word_1_108' title='bbox 767 2042 886 2104; x_wconf 85' lang='lat' dir='ltr'><strong>sedulus</strong></span> <span class='ocrx_word' id='word_1_109' title='bbox 910 2060 974 2105; x_wconf 88' lang='lat' dir='ltr'><strong>esse</strong></span> <span class='ocrx_word' id='word_1_110' title='bbox 996 2044 1094 2120; x_wconf 85' lang='lat' dir='ltr'><strong>cupit:</strong></span> 
     </span>
     <span class='ocr_line' id='line_1_18' title="bbox 326 2142 1093 2223; baseline 0.004 -20"><span class='ocrx_word' id='word_1_111' title='bbox 326 2142 426 2223; x_wconf 89' lang='lat' dir='ltr'><strong>Turpe</strong></span> <span class='ocrx_word' id='word_1_112' title='bbox 448 2145 543 2205; x_wconf 91' lang='lat' dir='ltr'><strong>estin</strong></span> <span class='ocrx_word' id='word_1_113' title='bbox 566 2144 662 2222; x_wconf 90' lang='lat' dir='ltr'><strong>prirno</strong></span> <span class='ocrx_word' id='word_1_114' title='bbox 685 2145 805 2205; x_wconf 80' lang='lat' dir='ltr'><strong>iuvenes</strong></span> <span class='ocrx_word' id='word_1_115' title='bbox 826 2153 996 2223; x_wconf 82' lang='lat' dir='ltr'><strong>torpescere</strong></span> <span class='ocrx_word' id='word_1_116' title='bbox 1018 2144 1093 2206; x_wconf 87' lang='lat' dir='ltr'><strong>flore</strong></span> 
     </span>
     <span class='ocr_line' id='line_1_19' title="bbox 410 2244 943 2316; baseline 0.002 -10"><span class='ocrx_word' id='word_1_117' title='bbox 410 2245 447 2306; x_wconf 83' lang='lat' dir='ltr'><strong>Et</strong></span> <span class='ocrx_word' id='word_1_118' title='bbox 467 2244 540 2306; x_wconf 88' lang='lat' dir='ltr'><strong>nihii</strong></span> <span class='ocrx_word' id='word_1_119' title='bbox 563 2245 656 2306; x_wconf 81' lang='lat' dir='ltr'><strong>aetatis</strong></span> <span class='ocrx_word' id='word_1_120' title='bbox 678 2246 703 2306; x_wconf 79' lang='lat' dir='ltr'><strong>ei</strong></span> <span class='ocrx_word' id='word_1_121' title='bbox 726 2245 847 2306; x_wconf 84' lang='lat' dir='ltr'><strong>meliore</strong></span> <span class='ocrx_word' id='word_1_122' title='bbox 870 2248 943 2316; x_wconf 85' lang='lat' dir='ltr'><strong>frui;</strong></span> 
     </span>
     <span class='ocr_line' id='line_1_20' title="bbox 325 2347 1064 2426; baseline -0.001 -18"><span class='ocrx_word' id='word_1_123' title='bbox 325 2347 426 2425; x_wconf 84' lang='lat' dir='ltr'><strong>Turpe</strong></span> <span class='ocrx_word' id='word_1_124' title='bbox 448 2355 493 2408; x_wconf 90' lang='lat' dir='ltr'><strong>est</strong></span> <span class='ocrx_word' id='word_1_125' title='bbox 513 2366 594 2408; x_wconf 76' lang='lat' dir='ltr'><strong>arnna</strong></span> <span class='ocrx_word' id='word_1_126' title='bbox 617 2356 673 2408; x_wconf 79' lang='lat' dir='ltr'><strong>tuae</strong></span> <span class='ocrx_word' id='word_1_127' title='bbox 695 2354 787 2407; x_wconf 87' lang='lat' dir='ltr'><strong>tracta</strong></span> <span class='ocrx_word' id='word_1_128' title='bbox 810 2348 947 2425; x_wconf 86' lang='lat' dir='ltr'><strong>rubigine</strong></span> <span class='ocrx_word' id='word_1_129' title='bbox 969 2350 1064 2426; x_wconf 88' lang='lat' dir='ltr'><strong>gentis</strong></span> 
     </span>
     <span class='ocr_line' id='line_1_21' title="bbox 277 2446 1042 2525; baseline 0.004 -17"><span class='ocrx_word' id='word_1_130' title='bbox 277 2466 334 2525; x_wconf 69' lang='lat' dir='ltr'><strong>era,</strong></span> <span class='ocrx_word' id='word_1_131' title='bbox 408 2448 486 2511; x_wconf 80' lang='lat' dir='ltr'><strong>Olim</strong></span> <span class='ocrx_word' id='word_1_132' title='bbox 509 2448 587 2511; x_wconf 88' lang='lat' dir='ltr'><strong>clara</strong></span> <span class='ocrx_word' id='word_1_133' title='bbox 611 2449 682 2511; x_wconf 80' lang='lat' dir='ltr'><strong>foris</strong></span> <span class='ocrx_word' id='word_1_134' title='bbox 705 2466 784 2509; x_wconf 92' lang='lat' dir='ltr'><strong>nunc</strong></span> <span class='ocrx_word' id='word_1_135' title='bbox 806 2446 925 2511; x_wconf 87' lang='lat' dir='ltr'><strong>latuisse</strong></span> <span class='ocrx_word' id='word_1_136' title='bbox 948 2450 1042 2519; x_wconf 78' lang='lat' dir='ltr'><strong>dorni:</strong></span> 
     </span>
     <span class='ocr_line' id='line_1_22' title="bbox 327 2548 1144 2632; baseline 0.006 -21"><span class='ocrx_word' id='word_1_137' title='bbox 327 2548 427 2629; x_wconf 85' lang='lat' dir='ltr'><strong>Turpe</strong></span> <span class='ocrx_word' id='word_1_138' title='bbox 448 2549 647 2613; x_wconf 71' lang='lat' dir='ltr'><strong>otomanus</strong></span> <span class='ocrx_word' id='word_1_139' title='bbox 669 2550 795 2629; x_wconf 89' lang='lat' dir='ltr'><strong>populos</strong></span> <span class='ocrx_word' id='word_1_140' title='bbox 817 2550 1002 2630; x_wconf 81' lang='lat' dir='ltr'><strong>Venetosque</strong></span> <span class='ocrx_word' id='word_1_141' title='bbox 1024 2554 1144 2632; x_wconf 78' lang='lat' dir='ltr'><strong>fugaces</strong></span> 
     </span>
     <span class='ocr_line' id='line_1_23' title="bbox 411 2651 972 2731; baseline 0.002 -19"><span class='ocrx_word' id='word_1_142' title='bbox 411 2652 556 2731; x_wconf 78' lang='lat' dir='ltr'><strong>Egregios</strong></span> <span class='ocrx_word' id='word_1_143' title='bbox 578 2654 668 2715; x_wconf 87' lang='lat' dir='ltr'><strong>armis</strong></span> <span class='ocrx_word' id='word_1_144' title='bbox 689 2651 846 2715; x_wconf 79' lang='lat' dir='ltr'><strong>soiflcitare</strong></span> <span class='ocrx_word' id='word_1_145' title='bbox 868 2654 972 2715; x_wconf 85' lang='lat' dir='ltr'><strong>duces:</strong></span> 
     </span>
    </p>
   </div>
   <div class='ocr_carea' id='block_1_3' title="bbox 167 2876 1196 4563">
    <p class='ocr_par' dir='ltr' id='par_1_3' title="bbox 167 2876 1196 4563">
     <span class='ocr_line' id='line_1_24' title="bbox 327 2876 1196 2951; baseline 0.001 -17"><span class='ocrx_word' id='word_1_146' title='bbox 327 2878 386 2936; x_wconf 86' lang='lat' dir='ltr'><strong>lluc</strong></span> <span class='ocrx_word' id='word_1_147' title='bbox 407 2892 517 2951; x_wconf 89' lang='lat' dir='ltr'><strong>quoquc</strong></span> <span class='ocrx_word' id='word_1_148' title='bbox 539 2876 666 2933; x_wconf 82' lang='lat' dir='ltr'><strong>littoreas</strong></span> <span class='ocrx_word' id='word_1_149' title='bbox 689 2886 794 2935; x_wconf 86' lang='lat' dir='ltr'><strong>rnoreat</strong></span> <span class='ocrx_word' id='word_1_150' title='bbox 813 2877 901 2949; x_wconf 84' lang='lat' dir='ltr'><strong>saror</strong></span> <span class='ocrx_word' id='word_1_151' title='bbox 923 2880 966 2934; x_wconf 82' lang='lat' dir='ltr'><strong>ille</strong></span> <span class='ocrx_word' id='word_1_152' title='bbox 987 2881 1136 2943; x_wconf 85' lang='lat' dir='ltr'><strong>iterasses,</strong></span> <span class='ocrx_word' id='word_1_153' title='bbox 1188 2912 1196 2919; x_wconf 94' lang='lat'><em>-</em></span> 
     </span>
     <span class='ocr_line' id='line_1_25' title="bbox 411 2962 1006 3035; baseline 0.005 -17"><span class='ocrx_word' id='word_1_154' title='bbox 411 2962 555 3019; x_wconf 82' lang='lat' dir='ltr'><strong>Tinitimos</strong></span> <span class='ocrx_word' id='word_1_155' title='bbox 576 2962 664 3035; x_wconf 86' lang='lat' dir='ltr'><strong>agris,</strong></span> <span class='ocrx_word' id='word_1_156' title='bbox 687 2964 808 3019; x_wconf 84' lang='lat' dir='ltr'><strong>Sarmata</strong></span> <span class='ocrx_word' id='word_1_157' title='bbox 830 2964 913 3025; x_wconf 78' lang='lat' dir='ltr'><strong>darre,</strong></span> <span class='ocrx_word' id='word_1_158' title='bbox 938 2966 1006 3027; x_wconf 78' lang='lat' dir='ltr'><strong>tuis:</strong></span> 
     </span>
     <span class='ocr_line' id='line_1_26' title="bbox 326 3046 1061 3121; baseline 0.003 -18"><span class='ocrx_word' id='word_1_159' title='bbox 326 3046 410 3104; x_wconf 85' lang='lat' dir='ltr'><strong>istuia</strong></span> <span class='ocrx_word' id='word_1_160' title='bbox 432 3055 475 3103; x_wconf 94' lang='lat' dir='ltr'><strong>tot</strong></span> <span class='ocrx_word' id='word_1_161' title='bbox 496 3046 622 3112; x_wconf 85' lang='lat' dir='ltr'><strong>Venetis,</strong></span> <span class='ocrx_word' id='word_1_162' title='bbox 646 3054 688 3102; x_wconf 89' lang='lat' dir='ltr'><strong>tot</strong></span> <span class='ocrx_word' id='word_1_163' title='bbox 709 3049 821 3103; x_wconf 83' lang='lat' dir='ltr'><strong>misceat</strong></span> <span class='ocrx_word' id='word_1_164' title='bbox 842 3047 929 3103; x_wconf 73' lang='lat' dir='ltr'><strong>tulere</strong></span> <span class='ocrx_word' id='word_1_165' title='bbox 951 3058 1061 3121; x_wconf 87' lang='lat' dir='ltr'><strong>gentes,</strong></span> 
     </span>
     <span class='ocr_line' id='line_1_27' title="bbox 277 3131 1054 3206; baseline 0.004 -18"><span class='ocrx_word' id='word_1_166' title='bbox 277 3146 316 3188; x_wconf 75' lang='lat' dir='ltr'><strong>aaa</strong></span> <span class='ocrx_word' id='word_1_167' title='bbox 410 3131 550 3206; x_wconf 83' lang='lat' dir='ltr'><strong>Causaque</strong></span> <span class='ocrx_word' id='word_1_168' title='bbox 571 3131 694 3187; x_wconf 80' lang='lat' dir='ltr'><strong>diversos</strong></span> <span class='ocrx_word' id='word_1_169' title='bbox 715 3133 859 3189; x_wconf 84' lang='lat' dir='ltr'><strong>contrahat</strong></span> <span class='ocrx_word' id='word_1_170' title='bbox 882 3150 934 3189; x_wconf 81' lang='lat' dir='ltr'><strong>arna</strong></span> <span class='ocrx_word' id='word_1_171' title='bbox 956 3135 1054 3191; x_wconf 79' lang='lat' dir='ltr'><strong>duces:</strong></span> 
     </span>
     <span class='ocr_line' id='line_1_28' title="bbox 327 3215 1047 3291; baseline 0.003 -18"><span class='ocrx_word' id='word_1_172' title='bbox 327 3216 381 3273; x_wconf 79' lang='lat' dir='ltr'><strong>na</strong></span> <span class='ocrx_word' id='word_1_173' title='bbox 401 3215 513 3291; x_wconf 87' lang='lat' dir='ltr'><strong>populis</strong></span> <span class='ocrx_word' id='word_1_174' title='bbox 534 3216 680 3290; x_wconf 90' lang='lat' dir='ltr'><strong>animoque</strong></span> <span class='ocrx_word' id='word_1_175' title='bbox 703 3224 752 3273; x_wconf 95' lang='lat' dir='ltr'><strong>tuo</strong></span> <span class='ocrx_word' id='word_1_176' title='bbox 774 3226 902 3273; x_wconf 88' lang='lat' dir='ltr'><strong>contente</strong></span> <span class='ocrx_word' id='word_1_177' title='bbox 924 3218 1047 3275; x_wconf 73' lang='lat' dir='ltr'><strong>drrrnabis</strong></span> 
     </span>
     <span class='ocr_line' id='line_1_29' title="bbox 414 3300 973 3359; baseline 0.002 -2"><span class='ocrx_word' id='word_1_178' title='bbox 414 3300 543 3357; x_wconf 86' lang='lat' dir='ltr'><strong>iiorribiti</strong></span> <span class='ocrx_word' id='word_1_179' title='bbox 567 3301 682 3357; x_wconf 80' lang='lat' dir='ltr'><strong>Venetas</strong></span> <span class='ocrx_word' id='word_1_180' title='bbox 705 3301 846 3358; x_wconf 79' lang='lat' dir='ltr'><strong>obsidione</strong></span> <span class='ocrx_word' id='word_1_181' title='bbox 870 3319 973 3359; x_wconf 78' lang='lat' dir='ltr'><strong>arianus.</strong></span> 
     </span>
     <span class='ocr_line' id='line_1_30' title="bbox 327 3386 1061 3460; baseline 0.003 -17"><span class='ocrx_word' id='word_1_182' title='bbox 327 3386 412 3443; x_wconf 77' lang='lat' dir='ltr'><strong>Ardet</strong></span> <span class='ocrx_word' id='word_1_183' title='bbox 433 3395 461 3444; x_wconf 87' lang='lat' dir='ltr'><strong>et</strong></span> <span class='ocrx_word' id='word_1_184' title='bbox 483 3387 620 3460; x_wconf 84' lang='lat' dir='ltr'><strong>antiquam</strong></span> <span class='ocrx_word' id='word_1_185' title='bbox 643 3395 770 3459; x_wconf 90' lang='lat' dir='ltr'><strong>repetens</strong></span> <span class='ocrx_word' id='word_1_186' title='bbox 793 3388 933 3445; x_wconf 75' lang='lat' dir='ltr'><strong>tierrnania</strong></span> <span class='ocrx_word' id='word_1_187' title='bbox 956 3388 1061 3445; x_wconf 81' lang='lat' dir='ltr'><strong>laudent</strong></span> 
     </span>
     <span class='ocr_line' id='line_1_31' title="bbox 167 3470 1076 3549; baseline 0.002 -22"><span class='ocrx_word' id='word_1_188' title='bbox 167 3506 170 3511; x_wconf 94' lang='lat'>-</span> <span class='ocrx_word' id='word_1_189' title='bbox 278 3486 317 3528; x_wconf 82' lang='lat' dir='ltr'><strong>m</strong></span> <span class='ocrx_word' id='word_1_190' title='bbox 409 3470 524 3545; x_wconf 76' lang='lat' dir='ltr'><strong>Egregie</strong></span> <span class='ocrx_word' id='word_1_191' title='bbox 547 3471 691 3546; x_wconf 75' lang='lat' dir='ltr'><strong>quicquan}</strong></span> <span class='ocrx_word' id='word_1_192' title='bbox 715 3472 787 3545; x_wconf 76' lang='lat' dir='ltr'><strong>equod</strong></span> <span class='ocrx_word' id='word_1_193' title='bbox 809 3480 887 3544; x_wconf 85' lang='lat' dir='ltr'><strong>gerat</strong></span> <span class='ocrx_word' id='word_1_194' title='bbox 909 3492 970 3529; x_wconf 88' lang='lat' dir='ltr'><strong>esse</strong></span> <span class='ocrx_word' id='word_1_195' title='bbox 992 3475 1076 3549; x_wconf 88' lang='lat' dir='ltr'><strong>eupit.</strong></span> 
     </span>
     <span class='ocr_line' id='line_1_32' title="bbox 329 3556 1062 3631; baseline -0.003 -16"><span class='ocrx_word' id='word_1_196' title='bbox 329 3557 414 3615; x_wconf 85' lang='lat' dir='ltr'><strong>Tanta</strong></span> <span class='ocrx_word' id='word_1_197' title='bbox 436 3556 536 3631; x_wconf 86' lang='lat' dir='ltr'><strong>quibus</strong></span> <span class='ocrx_word' id='word_1_198' title='bbox 558 3556 645 3611; x_wconf 86' lang='lat' dir='ltr'><strong>virtus</strong></span> <span class='ocrx_word' id='word_1_199' title='bbox 667 3560 770 3611; x_wconf 80' lang='lat' dir='ltr'><strong>amisso</strong></span> <span class='ocrx_word' id='word_1_200' title='bbox 792 3557 820 3611; x_wconf 88' lang='lat' dir='ltr'><strong>in</strong></span> <span class='ocrx_word' id='word_1_201' title='bbox 843 3567 954 3630; x_wconf 84' lang='lat' dir='ltr'><strong>pectora</strong></span> <span class='ocrx_word' id='word_1_202' title='bbox 976 3559 1062 3622; x_wconf 86' lang='lat' dir='ltr'><strong>venit,</strong></span> 
     </span>
     <span class='ocr_line' id='line_1_33' title="bbox 414 3640 961 3715; baseline -0.004 -16"><span class='ocrx_word' id='word_1_203' title='bbox 414 3642 448 3699; x_wconf 85' lang='lat' dir='ltr'><strong>Ut</strong></span> <span class='ocrx_word' id='word_1_204' title='bbox 469 3640 580 3715; x_wconf 90' lang='lat' dir='ltr'><strong>cupiant</strong></span> <span class='ocrx_word' id='word_1_205' title='bbox 601 3641 678 3695; x_wconf 74' lang='lat' dir='ltr'><strong>torcat</strong></span> <span class='ocrx_word' id='word_1_206' title='bbox 697 3642 869 3697; x_wconf 79' lang='lat' dir='ltr'><strong>eonsrtluissc</strong></span> <span class='ocrx_word' id='word_1_207' title='bbox 886 3659 961 3707; x_wconf 79' lang='lat' dir='ltr'><strong>sure,</strong></span> 
     </span>
     <span class='ocr_line' id='line_1_34' title="bbox 330 3726 1155 3801; baseline 0.002 -18"><span class='ocrx_word' id='word_1_208' title='bbox 330 3726 433 3801; x_wconf 90' lang='lat' dir='ltr'><strong>Sponte</strong></span> <span class='ocrx_word' id='word_1_209' title='bbox 455 3744 504 3782; x_wconf 89' lang='lat' dir='ltr'><strong>sua</strong></span> <span class='ocrx_word' id='word_1_210' title='bbox 524 3726 624 3798; x_wconf 79' lang='lat' dir='ltr'><strong>paribus</strong></span> <span class='ocrx_word' id='word_1_211' title='bbox 644 3743 719 3782; x_wconf 88' lang='lat' dir='ltr'><strong>arma</strong></span> <span class='ocrx_word' id='word_1_212' title='bbox 738 3728 861 3798; x_wconf 77' lang='lat' dir='ltr'><strong>placent,</strong></span> <span class='ocrx_word' id='word_1_213' title='bbox 883 3728 974 3800; x_wconf 78' lang='lat' dir='ltr'><strong>praba</strong></span> <span class='ocrx_word' id='word_1_214' title='bbox 996 3731 1077 3785; x_wconf 78' lang='lat' dir='ltr'><strong>illicet</strong></span> <span class='ocrx_word' id='word_1_215' title='bbox 1096 3731 1155 3785; x_wconf 77' lang='lat' dir='ltr'><strong>istis</strong></span> 
     </span>
     <span class='ocr_line' id='line_1_35' title="bbox 279 3812 1027 3885; baseline 0.005 -20"><span class='ocrx_word' id='word_1_216' title='bbox 279 3824 318 3867; x_wconf 79' lang='lat' dir='ltr'><strong>ata</strong></span> <span class='ocrx_word' id='word_1_217' title='bbox 411 3812 572 3868; x_wconf 83' lang='lat' dir='ltr'><strong>Tomentum</strong></span> <span class='ocrx_word' id='word_1_218' title='bbox 596 3828 696 3884; x_wconf 75' lang='lat' dir='ltr'><strong>pugnae</strong></span> <span class='ocrx_word' id='word_1_219' title='bbox 718 3812 913 3885; x_wconf 80' lang='lat' dir='ltr'><strong>materiamque</strong></span> <span class='ocrx_word' id='word_1_220' title='bbox 936 3829 1027 3877; x_wconf 66' lang='lat' dir='ltr'><strong>noram</strong></span> 
     </span>
     <span class='ocr_line' id='line_1_36' title="bbox 329 3894 1006 3970; baseline 0.001 -18"><span class='ocrx_word' id='word_1_221' title='bbox 329 3896 425 3953; x_wconf 72' lang='lat' dir='ltr'><strong>Praise</strong></span> <span class='ocrx_word' id='word_1_222' title='bbox 447 3894 501 3952; x_wconf 83' lang='lat' dir='ltr'><strong>iilis</strong></span> <span class='ocrx_word' id='word_1_223' title='bbox 524 3912 579 3969; x_wconf 92' lang='lat' dir='ltr'><strong>quo</strong></span> <span class='ocrx_word' id='word_1_224' title='bbox 602 3912 631 3952; x_wconf 89' lang='lat' dir='ltr'><strong>sc</strong></span> <span class='ocrx_word' id='word_1_225' title='bbox 654 3897 749 3970; x_wconf 80' lang='lat' dir='ltr'><strong>prinus</strong></span> <span class='ocrx_word' id='word_1_226' title='bbox 770 3905 892 3953; x_wconf 76' lang='lat' dir='ltr'><strong>exerceat</strong></span> <span class='ocrx_word' id='word_1_227' title='bbox 914 3899 1006 3961; x_wconf 78' lang='lat' dir='ltr'><strong>arinis,</strong></span> 
     </span>
     <span class='ocr_line' id='line_1_37' title="bbox 416 3980 1075 4058; baseline 0.002 -21"><span class='ocrx_word' id='word_1_228' title='bbox 416 3982 443 4037; x_wconf 90' lang='lat' dir='ltr'><strong>Si</strong></span> <span class='ocrx_word' id='word_1_229' title='bbox 467 3982 528 4054; x_wconf 87' lang='lat' dir='ltr'><strong>quis</strong></span> <span class='ocrx_word' id='word_1_230' title='bbox 551 3981 578 4035; x_wconf 89' lang='lat' dir='ltr'><strong>iu</strong></span> <span class='ocrx_word' id='word_1_231' title='bbox 599 3980 649 4035; x_wconf 85' lang='lat' dir='ltr'><strong>irae</strong></span> <span class='ocrx_word' id='word_1_232' title='bbox 673 3982 751 4037; x_wconf 83' lang='lat' dir='ltr'><strong>tnrira</strong></span> <span class='ocrx_word' id='word_1_233' title='bbox 773 3982 882 4037; x_wconf 78' lang='lat' dir='ltr'><strong>oetttras</strong></span> <span class='ocrx_word' id='word_1_234' title='bbox 903 4000 964 4038; x_wconf 86' lang='lat' dir='ltr'><strong>esse</strong></span> <span class='ocrx_word' id='word_1_235' title='bbox 985 3984 1075 4058; x_wconf 86' lang='lat' dir='ltr'><strong>cupit:</strong></span> 
     </span>
     <span class='ocr_line' id='line_1_38' title="bbox 332 4066 1051 4141; baseline -0.001 -19"><span class='ocrx_word' id='word_1_236' title='bbox 332 4066 423 4141; x_wconf 88' lang='lat' dir='ltr'><strong>Turpe</strong></span> <span class='ocrx_word' id='word_1_237' title='bbox 445 4074 488 4121; x_wconf 88' lang='lat' dir='ltr'><strong>est</strong></span> <span class='ocrx_word' id='word_1_238' title='bbox 511 4066 537 4119; x_wconf 94' lang='lat' dir='ltr'><strong>in</strong></span> <span class='ocrx_word' id='word_1_239' title='bbox 560 4066 649 4139; x_wconf 81' lang='lat' dir='ltr'><strong>priano</strong></span> <span class='ocrx_word' id='word_1_240' title='bbox 674 4066 783 4123; x_wconf 83' lang='lat' dir='ltr'><strong>iuvenes</strong></span> <span class='ocrx_word' id='word_1_241' title='bbox 805 4075 961 4139; x_wconf 87' lang='lat' dir='ltr'><strong>torpescere</strong></span> <span class='ocrx_word' id='word_1_242' title='bbox 984 4068 1051 4123; x_wconf 85' lang='lat' dir='ltr'><strong>tiore</strong></span> 
     </span>
     <span class='ocr_line' id='line_1_39' title="bbox 280 4148 919 4213; baseline -0.002 -6"><span class='ocrx_word' id='word_1_243' title='bbox 280 4164 320 4207; x_wconf 76' lang='lat' dir='ltr'><strong>nu</strong></span> <span class='ocrx_word' id='word_1_244' title='bbox 413 4148 447 4206; x_wconf 86' lang='lat' dir='ltr'><strong>Et</strong></span> <span class='ocrx_word' id='word_1_245' title='bbox 468 4149 535 4206; x_wconf 85' lang='lat' dir='ltr'><strong>nihii</strong></span> <span class='ocrx_word' id='word_1_246' title='bbox 557 4151 646 4205; x_wconf 66' lang='lat' dir='ltr'><strong>acbatis</strong></span> <span class='ocrx_word' id='word_1_247' title='bbox 670 4152 692 4205; x_wconf 86' lang='lat' dir='ltr'><strong>ri</strong></span> <span class='ocrx_word' id='word_1_248' title='bbox 717 4151 829 4206; x_wconf 78' lang='lat' dir='ltr'><strong>rrreiiore</strong></span> <span class='ocrx_word' id='word_1_249' title='bbox 852 4153 919 4213; x_wconf 83' lang='lat' dir='ltr'><strong>irui;</strong></span> 
     </span>
     <span class='ocr_line' id='line_1_40' title="bbox 332 4235 1025 4309; baseline -0.001 -17"><span class='ocrx_word' id='word_1_250' title='bbox 332 4235 422 4309; x_wconf 80' lang='lat' dir='ltr'><strong>Turpe</strong></span> <span class='ocrx_word' id='word_1_251' title='bbox 444 4243 486 4291; x_wconf 87' lang='lat' dir='ltr'><strong>est</strong></span> <span class='ocrx_word' id='word_1_252' title='bbox 507 4251 581 4291; x_wconf 85' lang='lat' dir='ltr'><strong>arnra</strong></span> <span class='ocrx_word' id='word_1_253' title='bbox 604 4243 657 4290; x_wconf 73' lang='lat' dir='ltr'><strong>tuae</strong></span> <span class='ocrx_word' id='word_1_254' title='bbox 681 4244 765 4292; x_wconf 89' lang='lat' dir='ltr'><strong>tracta</strong></span> <span class='ocrx_word' id='word_1_255' title='bbox 787 4235 913 4308; x_wconf 82' lang='lat' dir='ltr'><strong>rubigine</strong></span> <span class='ocrx_word' id='word_1_256' title='bbox 935 4237 1025 4309; x_wconf 81' lang='lat' dir='ltr'><strong>gentis</strong></span> 
     </span>
     <span class='ocr_line' id='line_1_41' title="bbox 417 4318 1009 4384; baseline -0.003 -7"><span class='ocrx_word' id='word_1_257' title='bbox 417 4319 487 4377; x_wconf 80' lang='lat' dir='ltr'><strong>utin</strong></span> <span class='ocrx_word' id='word_1_258' title='bbox 508 4318 579 4376; x_wconf 87' lang='lat' dir='ltr'><strong>clara</strong></span> <span class='ocrx_word' id='word_1_259' title='bbox 603 4319 671 4375; x_wconf 85' lang='lat' dir='ltr'><strong>ioris</strong></span> <span class='ocrx_word' id='word_1_260' title='bbox 693 4338 765 4377; x_wconf 89' lang='lat' dir='ltr'><strong>nnnc</strong></span> <span class='ocrx_word' id='word_1_261' title='bbox 787 4319 899 4376; x_wconf 85' lang='lat' dir='ltr'><strong>latuisse</strong></span> <span class='ocrx_word' id='word_1_262' title='bbox 921 4320 1009 4384; x_wconf 72' lang='lat' dir='ltr'><strong>aloini:</strong></span> 
     </span>
     <span class='ocr_line' id='line_1_42' title="bbox 334 4404 1105 4481; baseline -0.001 -20"><span class='ocrx_word' id='word_1_263' title='bbox 334 4404 425 4481; x_wconf 84' lang='lat' dir='ltr'><strong>Turpe</strong></span> <span class='ocrx_word' id='word_1_264' title='bbox 446 4413 490 4461; x_wconf 91' lang='lat' dir='ltr'><strong>est</strong></span> <span class='ocrx_word' id='word_1_265' title='bbox 512 4404 634 4462; x_wconf 85' lang='lat' dir='ltr'><strong>imbelles</strong></span> <span class='ocrx_word' id='word_1_266' title='bbox 656 4407 775 4479; x_wconf 88' lang='lat' dir='ltr'><strong>populos</strong></span> <span class='ocrx_word' id='word_1_267' title='bbox 798 4406 970 4479; x_wconf 75' lang='lat' dir='ltr'><strong>Venetosque</strong></span> <span class='ocrx_word' id='word_1_268' title='bbox 994 4406 1105 4477; x_wconf 82' lang='lat' dir='ltr'><strong>fugaces</strong></span> 
     </span>
     <span class='ocr_line' id='line_1_43' title="bbox 280 4488 951 4563; baseline -0.004 -16"><span class='ocrx_word' id='word_1_269' title='bbox 280 4504 320 4547; x_wconf 78' lang='lat' dir='ltr'><strong>aas</strong></span> <span class='ocrx_word' id='word_1_270' title='bbox 415 4488 548 4563; x_wconf 77' lang='lat' dir='ltr'><strong>Egregios</strong></span> <span class='ocrx_word' id='word_1_271' title='bbox 569 4493 669 4547; x_wconf 82' lang='lat' dir='ltr'><strong>uniaris</strong></span> <span class='ocrx_word' id='word_1_272' title='bbox 690 4491 838 4547; x_wconf 71' lang='lat' dir='ltr'><strong>sollicitare</strong></span> <span class='ocrx_word' id='word_1_273' title='bbox 859 4491 951 4547; x_wconf 73' lang='lat' dir='ltr'><strong>tiraces.</strong></span> 
     </span>
    </p>
   </div>
   <div class='ocr_carea' id='block_1_4' title="bbox 1364 4336 1421 4409">
    <p class='ocr_par' dir='ltr' id='par_1_4' title="bbox 1364 4336 1421 4409">
     <span class='ocr_line' id='line_1_44' title="bbox 1364 4336 1421 4409; baseline 0.018 -23"><span class='ocrx_word' id='word_1_274' title='bbox 1364 4336 1421 4409; x_wconf 52' lang='lat' dir='ltr'><strong>(iii)</strong></span> 
     </span>
    </p>
   </div>
   <div class='ocr_carea' id='block_1_5' title="bbox 1364 4506 1422 4557">
    <p class='ocr_par' dir='ltr' id='par_1_5' title="bbox 1364 4506 1422 4557">
     <span class='ocr_line' id='line_1_45' title="bbox 1364 4506 1422 4557; baseline 0 -10"><span class='ocrx_word' id='word_1_275' title='bbox 1364 4506 1422 4557; x_wconf 74' lang='lat' dir='ltr'><strong>(aas)</strong></span> 
     </span>
    </p>
   </div>
   <div class='ocr_carea' id='block_1_6' title="bbox 197 4686 1366 4758">
    <p class='ocr_par' dir='ltr' id='par_1_6' title="bbox 197 4686 1366 4758">
     <span class='ocr_line' id='line_1_46' title="bbox 197 4686 1366 4758; baseline -0.001 -17"><span class='ocrx_word' id='word_1_276' title='bbox 197 4688 231 4723; x_wconf 76' lang='lat'><strong>⁴⁸¹</strong></span> <span class='ocrx_word' id='word_1_277' title='bbox 249 4688 309 4758; x_wconf 70' lang='lat' dir='ltr'><strong>tue]</strong></span> <span class='ocrx_word' id='word_1_278' title='bbox 329 4686 452 4751; x_wconf 72' lang='lat' dir='ltr'><strong>vascuta,</strong></span> <span class='ocrx_word' id='word_1_279' title='bbox 477 4690 612 4741; x_wconf 82' lang='lat' dir='ltr'><strong>Weiclrset.</strong></span> <span class='ocrx_word' id='word_1_280' title='bbox 665 4692 733 4742; x_wconf 73' lang='lat' dir='ltr'><strong>elstra</strong></span> <span class='ocrx_word' id='word_1_281' title='bbox 752 4695 826 4743; x_wconf 81' lang='grc'><em>3...5.</em></span> <span class='ocrx_word' id='word_1_282' title='bbox 880 4691 994 4740; x_wconf 83' lang='lat' dir='ltr'><strong>miserat</strong></span> <span class='ocrx_word' id='word_1_283' title='bbox 1011 4691 1071 4741; x_wconf 81' lang='lat' dir='ltr'><strong>edd.</strong></span> <span class='ocrx_word' id='word_1_284' title='bbox 1117 4686 1152 4723; x_wconf 83' lang='lat'><strong>²¹⁴</strong></span> <span class='ocrx_word' id='word_1_285' title='bbox 1169 4690 1322 4755; x_wconf 80' lang='lat' dir='ltr'><strong>Aegregios</strong></span> <span class='ocrx_word' id='word_1_286' title='bbox 1341 4693 1366 4741; x_wconf 79' lang='grc' dir='ltr'><strong>Ι.</strong></span> 
     </span>
    </p>
   </div>
   <div class='ocr_carea' id='block_1_7' title="bbox 0 0 1645 5354">
    <p class='ocr_par' dir='ltr' id='par_1_7' title="bbox 0 0 1645 5354">
     <span class='ocr_line' id='line_1_47' title="bbox 0 0 1645 5354; baseline 0 0"><span class='ocrx_word' id='word_1_287' title='bbox 0 0 1645 5354; x_wconf 95' lang='lat' dir='ltr'><strong> </strong></span> 
     </span>
    </p>
   </div>
  </div>
 </body>
</html>
