3270 5354
167 368 289 406 illum
303 368 339 403 ῠΙ
353 366 534 405 laudativae
545 366 610 402 ΜΝ
621 366 721 401 vitetur
733 368 766 400 BT
780 365 886 401 'rt'ttcns
900 364 1003 399 ORATIO
1017 364 1148 398 ΜΛΚΙΜΙΒ.
1160 363 1223 399 Λῗῦ.
1233 362 1326 397 mesa
1353 330 1424 403 175

143 526 246 597 mita,
264 532 362 583 tantus
377 526 574 581 Alemanorum
588 527 756 593 comemptus
776 536 811 574 aa
827 521 930 575 irrisio
972 519 1015 577 De
1032 520 1157 573 anurnio
1174 532 1269 575 soriam
1292 512 1427 598 ΙᾸ··’“”·’“ι
1437 524 1494 574 tus.

143 610 358 687 mundium
380 612 477 667 utelitas
496 615 537 666 est
552 614 647 663 meere
667 622 750 677 qaam
768 621 872 676 parum
895 606 983 676 loqui:
1007 604 1060 660 boc
1084 611 1175 659 tomen
1201 620 1286 661 unium
1311 622 1366 661 non
1387 610 1425 661 si-

143 696 205 767 ebo,
227 696 305 771 quod
324 712 408 769 quom
427 696 577 751 Germania
597 691 711 747 tiberem
729 705 759 745 se
779 696 941 761 aesopum,
963 692 1032 745 sicut
1053 697 1078 744 et
1098 690 1158 745 esse
1179 690 1263 758 debet,
1284 708 1364 763 quom
1380 709 1427 747 ar-

143 784 183 839 uit
200 780 300 839 adbuc
318 798 377 837 aaa
395 782 536 853 patuerint
558 779 718 833 astutissimi
738 775 880 848 sophista,
908 774 975 830 bene
1002 778 1163 831 invaserunt
1189 782 1277 831 artem
1303 794 1358 849 quo
1378 777 1430 833 sibi

143 868 312 925 Mittin
337 864 485 939 [semme
510 866 602 921 taeaut
626 864 698 917 enim
718 862 914 917 mercatoribus
932 863 1029 915 uestris
1049 861 1156 915 domum
1180 854 1215 935 (to
1238 854 1428 939 mmm*

143 952 249 1009 pmelico
266 952 304 1009 dc
326 950 471 1023 Tadeactu)
490 952 600 1023 tripintu
620 962 710 1020 supra
729 952 836 1002 centum
857 946 963 1001 ducatis
983 949 1012 1001 in
1036 946 1158 1018 sinqulos
1180 940 1327 1024 dieu-1d
1335 942 1428 1019 m

143 1054 189 1095 n
206 1038 272 1095 aliea
291 1030 416 1109 ‘mmm
435 1034 537 1104 unnu',
562 1033 637 1107 qaod
658 1033 766 1105 quidem
791 1033 860 1086 satis
885 1038 969 1100 esset,
1000 1032 1060 1086 dico
1081 1033 1204 1103 ‘simpatis
1220 1032 1340 1089 diebus':
1364 1050 1428 1105 qua·

143 1122 246 1197 quien
261 1138 376 1179 summu
390 1122 431 1178 ad
442 1120 627 1195 quadraqinta
642 1126 690 1173 aut
703 1118 899 1190 quinquaqinta
913 1118 988 1171 mitia
1003 1117 1164 1172 ducatorum
1179 1113 1275 1173 annua
1288 1119 1426 1173 asceredit·

143 1208 188 1267 tae
207 1208 340 1265 mn
360 1208 507 1281 quotannis
531 1205 639 1261 Venetis
652 1204 789 1275 pendetis.
833 1202 875 1258 De
893 1202 991 1274 qesta
980 1218 1127 1269 immensu,
1156 1202 1191 1259 de
1216 1204 1259 1258 lu·
1286 1196 1453 1279 tss'tssmq
1460 1227 1495 1271 m.

143 1294 225 1351 mia
243 1310 302 1351 aaa
322 1294 418 1349 attinet
434 1292 474 1347 ad
493 1305 536 1345 me
559 1290 665 1344 dicere.-
692 1306 775 1359 quam
797 1290 845 1359 qni
864 1289 938 1341 scire
961 1289 1032 1355 uelit,
1060 1295 1203 1343 recenseat
1220 1304 1333 1360 qreqes,
1362 1291 1430 1361 quid

143 1380 289 1451 ΜΓ
275 1394 332 1434 nmo
351 1379 492 1433 exercitus
512 1378 652 1441 lenonum,
675 1375 846 1428 meretricum
862 1389 896 1427 ac
915 1375 1101 1435 exoletorum
1128 1391 1183 1430 non
1202 1377 1346 1446 sanquini,
1373 1392 1427 1430 nan

143 1462 276 1537 wioni,
294 1478 352 1519 aon
367 1462 457 1529 atati,
485 1478 540 1517 non
558 1462 642 1515 sexui
654 1459 743 1514 borror
762 1458 835 1513 ultus
853 1458 1011 1526 adhibetur,
1038 1474 1124 1513 nenias
1138 1462 1315 1532 promiscua,
1343 1476 1429 1515 oenias

143 1548 318 1621 Qum,
344 1562 429 1605 aeuus
449 1548 508 1602 tbte
527 1548 593 1619 leqe.
641 1545 765 1599 Transeo
785 1544 987 1598 crudelitatem:
1015 1544 1115 1598 trabant
1143 1545 1284 1601 t’enetiani
1303 1538 1428 1623 lssffl‘*

143 1648 187 1691 tua
208 1632 328 1707 macella
346 1630 470 1689 bumana
489 1647 577 1687 corna
596 1630 711 1703 referto,
730 1629 831 1684 babent
849 1644 916 1684 suos
931 1631 1069 1697 latomias,
1091 1637 1277 1697 suasionem,
1297 1640 1328 1686 ut
1339 1648 1425 1703 quon-

143 1715 200 1775 i·
231 1717 418 1775 inmaut'ssim
441 1720 556 1791 tyranni
577 1716 704 1771 babuisse
729 1722 932 1779 marrimandum
958 1718 985 1769 in
1010 1716 1053 1769 bis
1080 1717 1284 1787 ecearnifieunt
1307 1716 1428 1773 subditos

143 1816 205 1879 quas
225 1809 277 1859 aut
290 1808 411 1876 propter
437 1806 555 1859 eximias
580 1819 615 1857 aa
641 1804 797 1873 sinqutares
821 1802 929 1873 aliquas
959 1804 1070 1856 uirtutes
1095 1807 1144 1855 aut
1162 1808 1283 1873 propter
1306 1802 1428 1874 inpentes

143 1888 347 1963 patpranpis
366 1886 542 1961 formidolosi
559 1904 594 1943 aa
612 1891 734 1959 stupccti
747 1892 821 1943 sunt.
864 1886 918 1941 dua
936 1888 1006 1940 cunm
1023 1890 1085 1939 suut
1105 1903 1187 1957 quum
1208 1889 1361 1951 exereitum
1383 1902 1426 1943 ue·

143 1980 225 2031 m
243 1974 353 2047 Alpinis
373 1973 486 2030 saltibus
505 1974 565 2029 dota
584 1974 759 2028 interatusum
781 1989 837 2027 uon
865 1972 976 2025 militari
1002 1984 1077 2025 more
1102 1986 1166 2043 spo·
1213 1964 1429 2047 mimum

143 2060 290 2129 ml,
316 2074 373 2115 mom
392 2058 443 2115 sub
465 2061 555 2133 iuqum
577 2060 724 2125 nuisement,
752 2075 807 2113 non
829 2060 965 2129 eaptioum
989 2056 1145 2111 Turcurnm
1167 2061 1222 2112 ritu
1250 2060 1430 2115 vertdiderunt

143 2150 186 2201 tid
200 2144 360 2201 rudimundi
376 2150 532 2215 potestatem
553 2144 695 2216 fecerunt:
717 2143 783 2215 quid
803 2148 888 2215 erqo?
914 2141 995 2213 ferro
1016 2142 1236 2199 trucidaverunt:
1264 2143 1362 2198 rubent
1380 2142 1426 2199 At·

143 2244 185 2287 ass
199 2230 353 2303 mmuiu,
374 2228 496 2285 albicant
515 2232 578 2303 inqu
602 2231 728 2285 montium
749 2229 855 2283 ossibus
871 2234 1022 2283 nestrorum
1043 2229 1148 2282 ciuium.
1184 2228 1297 2285 Pataui·
1321 2220 1428 2307 lm*

143 2330 190 2372 m
202 2322 320 2371 satam
338 2314 414 2389 quad
425 2316 499 2371 uobis
511 2315 665 2381 studuisset,
687 2330 722 2368 ac
734 2316 889 2384 primarius
906 2315 1090 2384 teretesquisque
1104 2312 1199 2383 furcis
1216 2330 1252 2369 ac
1265 2316 1429 2387 iresoeticibus

143 2400 217 2475 'ipsis
226 2398 371 2476 pependit.
405 2396 473 2467 Qua
484 2418 564 2475 quom
580 2402 617 2455 ita
635 2402 698 2467 sint,
713 2400 815 2454 audent
830 2405 919 2453 tamen
935 2398 1045 2470 lnqubri
1057 2406 1137 2467 ueste,
1156 2406 1225 2456 torto
1240 2402 1317 2468 cotto,
1329 2400 1426 2471 stabiti-
1436 2415 1497 2467 t.t⁵.

143 2486 187 2543 but
199 2486 298 2553 mlii,
319 2486 466 2542 summissa
483 2501 547 2541 uoce
564 2500 665 2557 pacem
679 2500 807 2555 poscere,
829 2493 855 2538 et
871 2484 1061 2555 superioribus
1075 2484 1168 2540 diebus
1183 2485 1349 2559 deprehensi
1363 2490 1430 2543 stud

143 2585 200 2629 m
216 2572 304 2627 reatu
321 2577 348 2627 et
358 2573 483 2627 evercitu
498 2587 596 2643 maqno
609 2570 659 2626 sub
673 2570 800 2625 rnoerribus
826 2569 1036 2635 Veronensibus,
1052 2577 1081 2624 ut
1096 2570 1189 2626 urbem
1204 2572 1254 2627 snb
1267 2578 1372 2627 noctem
1386 2574 1428 2627 in-

143 2654 280 2725 siderent,
293 2662 321 2711 et
332 2656 469 2729 prasidio
487 2663 576 2711 nestra
594 2656 758 2727 inpeterent,
780 2662 806 2709 et
819 2654 920 2709 audent
935 2656 1027 2709 dicere
1042 2652 1151 2724 ‘Vultis
1170 2672 1186 2711 a
1200 2660 1354 2731 principes,
1378 2656 1429 2713 Ve-

150 2744 252 2811 mous,
270 2740 389 2797 atterum
407 2740 497 2797 Italia
515 2742 632 2808 oculum,
655 2740 779 2813 effodere
800 2757 835 2795 ac
853 2740 964 2796 detero?
985 2756 1038 2795 uon
1053 2746 1093 2795 est
1106 2747 1161 2795 tam
1177 2744 1230 2798 ele·
1252 2736 1428 2823 ,m

151 2828 285 2883 mtmm
305 2828 468 2901 principum
490 2828 550 2883 ittos
575 2828 726 2899 inqeniosos
751 2826 884 2897 artifices,
916 2827 975 2881 ittos
1000 2825 1127 2882 honestos
1151 2836 1332 2895 mercatores,
1366 2830 1430 2885 ittus

149 2910 230 2969 tedes
246 2910 432 2967 admirandas
451 2912 517 2969 aede
540 2911 713 2980 subuertere,
741 2929 803 2983 qnae
823 2928 982 2985 quanquam
1003 2926 1041 2966 ea
1061 2913 1149 2967 ruinis
1171 2932 1206 2968 ac
1225 2914 1355 2985 trophaeis
1370 2913 1427 2969 tta-

151 3012 303 3055 mnetorum
321 3003 348 3053 et
363 2996 526 3053 Graecorum
546 3014 581 3052 ac
602 2999 751 3053 multorum
773 2998 879 3051 turbium
897 3003 1025 3052 uetustate
1043 3004 1173 3067 constent,
1193 3006 1282 3053 tamen
1300 3001 1428 3071 quoniam

150 3096 240 3139 meu
256 3087 357 3137 carent
372 3096 425 3137 uec
440 3084 585 3155 quicquam
605 3084 811 3150 commiserunt,
840 3100 895 3137 uon
919 3089 983 3137 sunt
1003 3082 1094 3153 diqnue
1112 3090 1247 3140 turearram
1267 3086 1428 3156 principum

150 3166 337 3235 fflbuid
351 3166 437 3241 ipitur
455 3168 565 3225 uolunt?
587 3170 678 3223 uolunt
695 3154 818 3238 adificiis
830 3182 968 3238 parcere
993 3166 1044 3221 sed
1060 3167 1151 3222 detero
1171 3170 1346 3241 tyrannidem
1366 3186 1428 3225 eum

143 3254 281 3327 yram,
300 3252 446 3325 notumque
465 3252 583 3309 Venetia
600 3255 654 3309 siat
672 3256 861 3319 mercatrices,
883 3270 938 3307 reon
960 3252 1166 3315 dominatricem,-
1187 3256 1279 3310 uottertt
1297 3269 1376 3310 mure
1395 3256 1428 3310 ti-

143 3340 249 3405 bemt,
272 3344 367 3395 terras
385 3336 503 3407 biberas,
524 3316 621 3406 dacia,
640 3337 777 3411 qubeltus,
802 3340 930 3409 portaria
952 3338 1084 3405 deiicere,
1109 3339 1257 3394 libertatem
1278 3341 1428 3396 reducere:

143 3440 205 3497 uun
225 3424 309 3481 sicuti
329 3440 386 3479 uam
407 3424 638 3497 decetprineipes
655 3426 785 3491 ntereari,
806 3426 842 3479 ita
859 3426 1005 3477 etiamnum
1021 3426 1145 3480 cortoem't
1161 3426 1428 3481 mercatoribusim·

143 3522 244 3567 serare
270 3524 306 3563 ac
327 3524 456 3581 repuure.
500 3509 582 3567 Nunc
607 3517 696 3565 aulem
723 3510 810 3564 dicitis
838 3508 920 3575 ‘Quia
937 3508 1069 3579 jecimus,
1098 3510 1165 3582 quid
1187 3506 1426 3567 commeruimus?
1438 3534 1495 3583 qne,

143 3592 212 3663 butt
226 3596 435 3651 commeruistis?
455 3603 483 3651 ot
504 3612 559 3651 uon
577 3598 614 3651 ita
631 3595 760 3651 dicebatis
778 3596 833 3647 iam
854 3600 918 3649 sunt
937 3594 990 3648 dieo
1004 3597 1086 3662 anni,
1109 3598 1219 3667 quando
1235 3596 1319 3669 Atpes
1335 3604 1428 3653 trans-

143 3680 231 3751 παίει·
247 3678 404 3737 Danubium
421 3695 457 3735 oc
479 3680 611 3738 Viennam
634 3680 741 3754 infestis
759 3682 844 3752 siquis
863 3680 1012 3751 petebatis,
1034 3680 1188 3736 Boreoniam
1207 3690 1233 3737 ct
1252 3684 1383 3739 Urbinum
1405 3692 1431 3739 et

143 3762 326 3821 Mediolanum
342 3768 486 3837 superiore
502 3783 576 3822 antra
593 3774 656 3821 autc
667 3768 751 3839 tinem
774 3768 873 3821 eucrasis
888 3765 958 3821 Maii
977 3768 1005 3821 in
1026 3772 1116 3821 nestra
1134 3776 1212 3838 pote-
1254 3762 1430 3842 {rfiss'qgfiwssflj

143 3854 212 3907 itate
224 3848 342 3923 suturas
358 3865 420 3906 essa
439 3852 600 3915 iactabotis,·
618 3853 728 3923 quarata
743 3851 901 3923 Pontificem
920 3853 1069 3906 maximum
1086 3870 1209 3924 paruum
1226 3858 1279 3910 L'a-
1302 3850 1430 3933 immun.

143 3934 280 3991 mianum
295 3941 323 3991 et
344 3937 483 3993 atiuimam
505 3938 605 3993 attaris
627 3940 780 3993 ministrum
802 3936 932 4008 stacteeros
950 3937 1160 4009 praelieubatis,
1183 3947 1209 3994 et
1230 3940 1428 3995 Ltrristianissi·

143 4035 213 4077 m
232 4018 337 4093 itaqem
358 4020 536 4078 Frartcorum
566 4022 692 4079 Venutius
717 4023 890 4078 tutteeuatum
914 4022 1027 4078 trabere
1048 4025 1251 4093 minitabarnini‚
1276 4016 1428 4101 W&

143 4104 320 4166 dssoesarem
332 4107 498 4180 Aaqtrstum,
519 4115 635 4165 oestrum
653 4110 791 4167 Casuram
813 4111 994 4176 maiestatem,
1017 4108 1227 4180 desorrnissimis
1259 4104 1407 4185 {timpum
1315 4108 1377 4141 Η*
1387 4102 1428 4139 ¹*

205 4374 359 4442 ‘trigenta
376 4380 402 4426 t.
455 4374 477 4409 ¹⁰
494 4376 603 4427 attonsi
622 4380 645 4427 t.
700 4376 720 4409 ¹⁴
739 4377 953 4427 cf.Pholnrism.
969 4380 1045 4428 ilutt.
1100 4378 1120 4411 ¹⁸
1139 4378 1240 4429 Clades
1259 4379 1428 4431 cosmiana-

143 4476 197 4511 [ιω
214 4460 244 4511 in
260 4459 378 4525 Alpibus
396 4460 507 4523 Carnis,
531 4463 559 4511 in
576 4463 671 4527 primia
690 4463 760 4528 npnd
779 4464 910 4523 (iadorae,
925 4480 958 4514 m.
973 4464 1053 4513 Febr.
1069 4463 1140 4513 lirtbt.
1156 4469 1184 4514 et
1201 4466 1313 4515 Liviani
1332 4468 1427 4517 crude-

147 4546 213 4605 itn.
233 4546 279 4611 qni
298 4562 348 4611 pro
366 4546 484 4611 singuiis
501 4548 642 4612 capitibus
660 4548 805 4598 Gortiinnia
823 4549 945 4613 singulos
963 4550 1078 4598 <locatos
1096 4551 1236 4600 seratiotis
1254 4568 1283 4601 ac
1302 4552 1427 4604 «laturum

143 4632 310 4695 promiserat.
357 4630 378 4663 ²¹
398 4634 560 4697 tmtiepha.
578 4632 1049 4683 lineium:iti-»nt›.tib.il.vars.tin.
1096 4632 1118 4664 ²7
1136 4636 1296 4688 occultunt.
1344 4636 1362 4671 ³¹
1383 4644 1428 4691 ci»-

143 4716 280 4767 mitiorum
300 4720 322 4767 t.
376 4714 501 4783 ”deiciat
522 4717 642 4768 tatamen.
694 4717 943 4770 ³⁸‹ln111ntbinmi
999 4718 1020 4751 ¹⁰
1038 4721 1246 4775 int-tatamim.
