3270 5354
166 367 239 440 346
278 397 400 432 uvr'rrtttl
414 397 443 431 lll
458 396 717 432 SCELERATISSINA!
731 396 846 431 torulus
860 395 1048 432 PBPEBICOBM
1061 396 1148 431 ἩΤΔΙ
1163 394 1349 430 ΕΧΟΜΙΠῙΟ.

368 554 511 615 Merserat
532 552 683 629 iudignum
707 550 813 610 Christi
837 549 1009 628 baptismate
1031 567 1140 628 corpus

369 653 555 716 dissimulato
579 671 682 713 errore
704 661 830 732 patrum.
865 651 908 712 Ne
931 653 1047 730 tingite,
1071 655 1163 722 cives,

368 759 398 819 Si
422 758 540 817 tinxisse
564 764 665 823 crocet,
690 773 726 814 ue
749 763 849 814 nostro
873 756 962 814 ascite
984 752 1096 833 periclo

328 882 354 922 rs
369 861 474 937 Stirpis
496 858 663 917 inhumanae
685 855 834 924 sobolem;
857 857 941 916 siuito
965 875 1029 916 esse
1053 856 1199 934 sepultam

368 962 460 1023 Nocte
482 978 550 1029 sna,
574 959 727 1038 diramque
749 960 855 1019 iterum
878 976 916 1018 ue
938 957 1080 1018 admittite
1102 966 1220 1034 gentem

368 1065 399 1125 lu
423 1063 535 1141 patrios
556 1063 646 1121 ritus:
670 1061 778 1137 poterit
799 1062 931 1121 seiuncta
955 1060 1052 1120 careri

368 1166 438 1238 Quae
462 1164 616 1224 couiuueta
640 1164 748 1240 nequit.
781 1161 855 1223 Nam
877 1179 935 1240 quo
959 1179 1017 1220 nou
1040 1162 1163 1222 erimine
1184 1163 1265 1223 diras

368 1265 476 1326 Polluit
497 1266 551 1326 iste
575 1264 698 1325 manus?
721 1264 790 1342 quid
814 1281 873 1324 nou
897 1263 1051 1324 simulator
1072 1263 1191 1343 iniquus

329 1389 355 1430 so
369 1368 492 1428 Admisit
514 1365 680 1428 scelerum?
702 1365 816 1445 quodve
839 1384 969 1444 unquam
992 1366 1149 1425 immanius
1171 1364 1242 1425 Orci

366 1470 479 1530 Prodiit
501 1488 517 1528 o
539 1467 659 1528 latebris
681 1465 866 1529 monstrum?
889 1466 975 1528 Certe
997 1465 1134 1528 omnibns
1156 1466 1258 1551 hydris

367 1571 477 1633 Saerins
500 1570 609 1631 exarsit
630 1569 793 1648 Lernaeque
815 1570 943 1630 ferocius
965 1586 1061 1646 angue

368 1670 456 1732 Orbis
478 1673 507 1732 in
531 1671 650 1732 exitium
674 1670 770 1732 scelus
793 1671 865 1740 boe,
891 1688 1098 1731 mansuescere
1121 1677 1222 1732 torvas

368 1773 451 1845 Quod
475 1775 550 1834 sinat
564 1772 757 1841 Eumenides,
781 1773 899 1854 Lyciam
922 1772 999 1851 quod
1022 1770 1105 1833 abire
1121 1772 1295 1834 Chimaeram

328 1897 354 1936 as
370 1877 488 1937 Saricia
512 1882 613 1952 cogat,
638 1881 803 1935 monstrum
826 1874 906 1954 qnod
929 1876 1024 1934 vincat
1046 1873 1183 1945 lbernnr,

368 1979 522 2055 Gorgones
544 1977 746 2056 Harpyiasque
768 1983 855 2037 uocet
875 1975 930 2037 snb
953 1994 1045 2055 seque
1066 1975 1215 2056 relinquat

368 2078 546 2150 Centauros,
570 2078 720 2141 Diomedis
743 2096 835 2157 equos
858 2079 1023 2157 Scironqne
1046 2078 1199 2158 Sinimqne

367 2181 404 2241 Et
426 2180 550 2241 crudum
572 2181 765 2259 Antiphaten,
789 2197 848 2257 qno
870 2198 929 2239 uon
952 2180 1157 2258 Laestrygones
1178 2182 1243 2242 ansi

367 2281 495 2342 Ulterius
517 2282 642 2349 luerint:
667 2279 782 2342 Siculos
803 2282 959 2343 mitescere
980 2297 1068 2358 reges

330 2406 355 2445 u
370 2383 455 2456 Quod
478 2384 565 2444 laniat
587 2381 778 2460 l‘lialarisque
800 2381 920 2450 liorem;
944 2382 1062 2451 Medea,
1085 2382 1209 2461 pusidos

369 2485 543 2563 Quanquam
567 2485 755 2545 excarnificat
777 2491 875 2552 natos,
900 2485 947 2545 eui
969 2484 1064 2563 prima
1087 2483 1236 2564 relinquat

369 2588 495 2648 Saericiae
518 2593 723 2653 monumenta:
747 2586 783 2645 ad
806 2585 885 2663 quod
907 2586 1099 2662 requiescere
1121 2589 1216 2665 possit

368 2689 457 2749 Fora
480 2687 669 2749 Tamnrlanis
691 2686 786 2746 caedes
808 2685 977 2766 bellumque
998 2696 1156 2748 cruentum

369 2791 405 2850 Et
427 2792 481 2850 tria
505 2799 599 2852 castra
623 2789 720 2858 ducis,
744 2786 852 2868 triplici
874 2788 989 2848 diversa
1012 2787 1113 2850 colore

329 2911 353 2950 u
369 2891 496 2953 Australi
518 2891 667 2952 lrorridins
689 2890 774 2960 datu,
798 2887 953 2950 rioleutins
975 2893 1054 2951 omni

367 2995 499 3062 Oceano,
523 2993 654 3054 Adriacis
676 2992 754 3070 qnod
777 3009 808 3052 se
831 2990 1014 3069 irnplaeatius
1035 2992 1123 3052 undis

368 3093 490 3172 Colligat
512 3096 541 3154 iu
565 3094 692 3161 rabiem,
716 3093 771 3153 sub
795 3094 874 3172 quod
896 3112 948 3154 sna
972 3093 1080 3154 robora
1103 3095 1221 3173 vimque

367 3197 400 3256 lu
422 3195 573 3257 cumulum
597 3195 678 3257 dedit
699 3213 787 3256 omne
810 3196 907 3266 uelas,
932 3196 992 3256 lliis
1012 3197 1105 3274 gratia
1128 3198 1275 3274 primunr,

367 3299 494 3367 lietuino,
518 3296 652 3368 Alberte,
675 3297 741 3367 tibi,
766 3313 820 3374 per
842 3305 871 3359 te
893 3297 1047 3359 clementia
1071 3297 1171 3359 divum

231 3537 251 3571 ³¹
272 3538 343 3590 Ouid.
357 3541 421 3586 met
435 3538 483 3586 IX.
498 3535 555 3586 192.
570 3552 610 3600 sq.
680 3532 702 3567 ⁸¹
721 3535 792 3586 Ouid.
806 3539 871 3585 met.
884 3536 930 3586 IX.
947 3535 1002 3587 158.
1071 3533 1094 3567 ⁸⁸
1111 3551 1201 3588 mans.
1215 3534 1301 3604 sinat]
1322 3538 1408 3588 iaciat
1421 3538 1445 3584 nt

165 3627 316 3675 mansuetae
334 3621 489 3674 videantur.
536 3620 559 3653 ³⁴
577 3620 705 3671 Chimera
718 3624 742 3670 2.
797 3619 1053 3687 miclitonem.
1107 3619 1196 3688 abire]
1209 3622 1369 3675 inferiorem
1386 3637 1444 3674 esse·

165 3706 188 3740 ⁸⁵
201 3704 319 3772 Iberum]
335 3707 498 3771 Geryonem.
514 3706 583 3756 Ouid.
598 3706 646 3756 lx.
661 3706 719 3755 184.
770 3703 793 3737 ⁸⁶
812 3703 1257 3772 Gorg.]ei.0oid.met.1V.ffl0.
1310 3706 1445 3775 Harplei.

168 3792 328 3858 Verpdeu.
343 3791 539 3856 111.210.sqq.
575 3789 597 3822 ⁸⁷
615 3784 754 3855 Scyroan,
774 3786 909 3855 Scinin'iqq
919 3793 944 3841 2.
980 3789 1209 3856 Cent.]Sern.ad
1226 3791 1446 3859 georg.111.llb.

164 3885 212 3928 etc.
259 3877 349 3927 Diom.
364 3874 418 3944 eq]
435 3877 553 3927 hnmano
567 3891 650 3925 carne
662 3879 818 3926 vescentes.
831 3875 904 3926 Seru.
919 3875 954 3926 ad
966 3875 1035 3926 Aen.
1047 3877 1070 3927 1.
1084 3874 1142 3926 752.
1156 3885 1206 3928 ete.
1253 3877 1361 3941 Sciron,
1373 3871 1446 3940 Sinis]

164 3962 296 4013 latrones.
316 3961 387 4013 Ouid.
407 3966 472 4012 met.
486 3958 691 4026 vunansqq.
761 3958 784 3992 ⁸⁸
806 3961 985 4027 Lestrigones
1003 3964 1029 4010 2.
1098 3959 1223 4030 euripo]
1247 3962 1446 4029 Laestrygonum

165 4047 315 4098 crudelium
338 4063 386 4098 rex
414 4045 666 4112 anthropophagos.
692 4043 763 4095 Ouid.
782 4045 854 4096 XIV.
867 4043 928 4096 233.
942 4061 1001 4110 sqq.
1020 4045 1056 4096 el.
1071 4046 1146 4096 nom.
1160 4045 1262 4111 Odyss.
1280 4049 1314 4098 X.
1330 4046 1386 4100 loo.
1398 4062 1446 4114 sqq·

163 4131 186 4164 '⁸
204 4133 259 4183 Sic.
274 4130 365 4198 reges]
387 4132 534 4196 Dionysios
552 4136 693 4196 tyrannos.
755 4128 779 4162 ⁴⁰
795 4129 873 4180 Phal.
887 4127 956 4195 bon]
976 4131 1012 4181 cf.
1026 4129 1129 4197 dialog.
1142 4130 1310 4185 Phalerim.
1371 4126 1444 4196 Med]

165 4217 202 4267 ci.
217 4217 288 4267 Ouid.
301 4217 361 4267 VlI.
376 4215 434 4268 394.
448 4230 506 4280 sqq.
519 4223 568 4265 etc.
638 4213 661 4246 ⁴⁸
678 4215 774 4265 ‘l'inrrrr
791 4215 856 4281 long
874 4214 981 4278 (Timur
998 4215 1123 4280 claudus)
1140 4216 1217 4267 Asin
1234 4219 1365 4281 minoris,
1383 4220 1447 4269 blon-

164 4301 273 4367 golicae,
293 4302 424 4362 Persicae,
443 4300 546 4350 lndicae
565 4304 738 4366 expugnator
755 4299 962 4352 crudelissimus
980 4302 1029 4351 sed
1048 4306 1076 4352 et
1093 4304 1297 4367 magnanimus.
1311 4305 1330 4367 †
1343 4320 1369 4354 a.
1383 4301 1446 4354 lton.

165 4401 227 4437 eum
246 4387 274 4436 in
294 4403 326 4437 eo
346 4391 432 4447 esset,
452 4390 483 4436 ut
501 4384 618 4435 Chinam
637 4385 721 4436 etiam
739 4384 814 4436 bello
832 4386 888 4436 sibi
905 4386 1056 4453 subigeret.
1117 4384 1140 4418 ⁴⁵
1158 4386 1261 4438 Auster
1279 4389 1382 4452 iurans,
1400 4395 1445 4439 tur·

164 4471 259 4534 bidus,
279 4470 438 4522 vehemens.
507 4467 530 4501 ⁴⁸
548 4469 742 4522 Hadriaticum
760 4487 835 4521 mare
854 4472 1020 4536 inquietum,
1045 4470 1242 4539 procellosum,
1268 4474 1372 4537 serum,
1389 4486 1446 4539 prn-

88 4566 93 4573 ’
166 4570 241 4620 ceps.
311 4554 333 4588 ⁴⁹
354 4553 429 4620 nlo]
453 4553 744 4621 Brandenburgeusis,
775 4562 832 4605 turn
855 4555 1106 4622 Magdebnrgenais
1130 4555 1261 4608 ecclesian
1285 4557 1397 4624 parmeni,
1419 4552 1445 4606 ad

165 4653 246 4704 qnam
265 4638 339 4690 Hala
358 4640 392 4690 ad
411 4639 517 4702 Salam,
538 4640 585 4690 ubi
604 4640 837 4691 excarnificarnnt
855 4642 1083 4706 Pepericornum,
1102 4642 1272 4707 pertinebat.
1342 4643 1444 4693 clemen·

165 4724 208 4772 tia
225 4721 329 4790 dirum]
349 4723 490 4774 dementia
508 4739 586 4774 enea
603 4727 744 4776 diceremur
761 4727 845 4777 bodie.
868 4727 917 4776 red
933 4728 1008 4776 etima
1024 4728 1116 4776 lieroer
1132 4729 1174 4777 ω’
1189 4730 1315 4793 temporie
1327 4730 1376 4793 filii
1388 4729 1442 4776 saal·
