3270 5354
540 355 672 391 Lvnovlct
688 353 804 389 unum
818 353 941 389 VEUA'I'IO
954 352 1075 388 LBOHVH·

366 515 511 573 Proetereo
534 512 591 567 toto
613 516 653 566 est
673 509 775 566 dudum
797 511 944 578 sententio,
967 509 1097 583 otiamur

318 618 356 660 nn
455 596 611 653 Patronus:
633 593 750 650 Marcus
770 573 863 650 dicer'e
881 597 972 651 iussus
993 595 1032 650 ait

370 684 451 740 ‘Dum
481 681 574 737 Veneti
588 686 685 735 contro
706 678 909 736 Mobumetittas
931 696 1013 734 arma
1032 680 1180 752 perebant',

455 765 590 837 ‘Dumque
610 765 677 819 mati
697 766 803 832 minos,
825 764 868 819 bis
887 766 946 835 ipse
961 770 1100 835 patronus
1121 781 1216 830 eram,

370 856 415 909 ‘tt
429 857 578 925 postquam
592 851 726 920 placuere
745 850 798 904 itiis
813 850 930 922 furialia
952 848 1037 916 betia,

318 957 355 999 tto
454 936 569 1002 ‘Furta,
591 934 750 1001 iatrocinia,
773 936 881 1001 toxica,
903 934 1054 1002 adulteria,

369 1020 458 1089 ‘Quot
477 1036 619 1091 nunquam
640 1022 799 1091 tantumque
823 1016 906 1089 nefas
923 1016 1020 1091 secere
1042 1018 1185 1091 bunnia,

453 1103 522 1159 ‘Isto
546 1103 687 1176 Gipantoen
709 1120 787 1159 naxo
808 1103 908 1158 tuenda
931 1116 997 1158 nece
1015 1109 1062 1158 est.

370 1189 487 1246 ‘Erubui
508 1203 619 1260 semper
640 1188 708 1243 tates
728 1188 856 1244 babuisse
877 1188 1000 1256 clientes,

318 1295 355 1336 tto
455 1273 570 1329 ‘Desero
589 1288 635 1329 eos
654 1288 764 1344 semper
770 1295 781 1334 ,·
800 1272 876 1345 quod
895 1287 1022 1328 meruere
1043 1271 1181 1330 babeant'.

371 1359 483 1416 Talibus
504 1364 636 1413 murnum
651 1373 750 1429 paoem
769 1359 941 1430 ripidumque
961 1357 1081 1414 tribunat

456 1442 621 1510 Qtroerebont
634 1442 763 1514 placidos
783 1443 931 1498 sollicitare
947 1442 1020 1497 deos.
1122 1495 1125 1501 .

370 1529 433 1584 Non
450 1527 545 1582 betium
562 1534 659 1582 contro
685 1526 792 1582 Turcos
809 1526 1008 1582 dominantibus
1028 1526 1099 1593 istis,
1152 1528 1154 1533 '

310 1632 357 1674 πω
456 1611 527 1683 Spes
548 1613 617 1666 inter
639 1618 748 1667 nostros
769 1611 844 1667 natta
865 1613 960 1682 quietis
981 1617 1056 1666 erat.-

373 1696 471 1752 Omnio
492 1696 638 1751 turbabant
658 1711 744 1764 auro,
763 1698 908 1750 comitante
927 1709 1045 1751 muto.-

453 1780 524 1836 Hoec
541 1781 595 1836 buo
612 1782 715 1836 coetesti
733 1794 915 1852 proposuere
933 1780 999 1848 aea,

361 1863 401 1920 Et
421 1867 492 1922 reiut
511 1865 647 1938 effupiens
662 1865 734 1920 bosti
749 1867 826 1937 totipo
848 1863 978 1937 sequenti

319 1971 356 2012 1³2
454 1949 558 2005 Nubem
576 1951 724 2005 atramenti
739 1951 849 2021 proiicit
866 1954 929 2005 ante
945 1950 1054 2017 ocutos,

370 2034 417 2090 Sic
434 2037 488 2102 isti,
512 2037 538 2090 si
552 2034 628 2107 sorte
644 2034 749 2106 atiquitt
766 2033 863 2105 secere
883 2033 1042 2102 timendum,

454 2119 601 2192 Ambipuos
620 2119 746 2174 tenebras
766 2119 875 2191 rupibus
896 2120 1027 2174 iniicittnt.

368 2205 430 2260 Non
453 2206 521 2260 satis
540 2222 558 2258 a
581 2203 672 2277 Cypro
694 2202 790 2275 sumat
809 2203 940 2275 quicquid
958 2205 1029 2258 iacet
1045 2194 1132 2277 usque

318 2305 356 2348 sss
456 2288 515 2357 Qtta
536 2287 740 2344 Pboettmnteas
761 2288 858 2344 Abina
880 2291 983 2361 rumpit
1000 2303 1103 2361 aquas,

369 2374 406 2429 Et
423 2390 477 2429 non
499 2375 618 2429 contenti
634 2379 718 2428 totum
738 2375 873 2444 spoliasse
889 2373 1064 2444 profundum

454 2458 589 2532 Duraque
609 2461 716 2530 captiuo
736 2457 853 2513 subiere
872 2459 962 2513 vincta
983 2459 1069 2525 mari,

370 2542 461 2599 Socra
480 2542 574 2615 sames
596 2545 662 2598 auri
680 2550 706 2598 et
723 2543 884 2598 dominandi
898 2558 973 2597 eoeca
993 2541 1074 2597 iibido

318 2647 356 2688 uo
456 2629 513 2683 Per
533 2628 621 2683 scobis
642 2628 801 2684 immodicus
821 2640 950 2682 creseere
970 2628 1058 2683 suasit
1073 2641 1149 2700 opes.

368 2712 426 2769 Per
447 2713 538 2770 scelus
559 2726 638 2768 omne
659 2712 744 2768 duces
760 2718 893 2768 raserunt
908 2727 1009 2784 repno,
1031 2711 1203 2780 tetrarchas,

454 2800 579 2870 Inpressi
597 2799 698 2853 summi
717 2799 824 2853 m'scern
842 2797 994 2868 pontificum

371 2883 532 2938 Gaudebunt
552 2885 645 2938 niueos
664 2883 764 2937 neritia
785 2881 893 2953 inferre
908 2896 966 2953 per
986 2881 1082 2953 Alpes,

318 2992 354 3034 us
455 2970 525 3023 Anto
542 2968 635 3022 ocutos
653 2966 729 3021 ibant
749 2966 858 3034 Hister,
882 2967 974 3034 Arar,
998 2965 1166 3028 libationes,-

370 3050 413 3106 De
435 3051 525 3109 Roma
548 3058 573 3106 et
594 3058 648 3106 toto
667 3049 752 3106 Itatia
772 3053 827 3105 iam
849 3056 940 3106 actum
962 3065 1022 3106 esse
1040 3052 1188 3122 putabant,

457 3136 536 3192 Orbis
558 3135 724 3191 anbeiabont
744 3137 887 3208 imperium
905 3135 1018 3191 occidui.

369 3221 431 3279 Non
448 3222 544 3293 pudor
564 3222 636 3277 ultus
656 3227 730 3288 erat,
749 3236 800 3276 nec
819 3228 881 3275 erm
899 3221 1052 3275 reuerentia
1074 3221 1180 3289 diuum,

317 3323 354 3364 us
452 3306 594 3372 Prodere,
616 3307 738 3372 mentiri,
757 3307 898 3377 poliuere,
921 3309 1093 3377 opprimere,

368 3391 407 3446 Et
426 3407 457 3447 se
478 3391 645 3447 immortates
664 3391 815 3458 iactabant,
837 3390 934 3445 bande
952 3392 1053 3457 timeri,

454 3475 515 3531 Non
534 3478 667 3549 aliterque
687 3477 739 3531 coti
758 3491 856 3548 quom,
879 3476 1005 3542 potuere,
1025 3474 1076 3529 tiei.

368 3560 447 3616 Sicut
467 3575 531 3615 noes
549 3561 621 3615 obas
640 3560 710 3616 bobo
731 3567 756 3615 et
774 3561 919 3615 corniculo
937 3558 1034 3632 saitae

317 3660 355 3703 sse
379 3643 384 3652 '
455 3646 536 3700 Ludit
557 3646 664 3717 repetes
682 3645 806 3717 improbo
824 3644 969 3711 vulturios,

368 3728 509 3785 Ridebant
530 3732 605 3801 ipsos
621 3731 696 3786 nulio
717 3730 874 3785 discrimine
895 3743 989 3802 repes,

454 3814 552 3888 Ipsum
570 3830 630 3869 oum
648 3831 748 3887 mapno
771 3815 883 3872 Cessare
902 3814 1078 3884 Pontificem,-

371 3899 481 3972 Unpare
502 3914 614 3972 meque,
635 3907 746 3970 potens,
763 3905 789 3955 et
805 3904 845 3968 te,
865 3899 1038 3957 invictissime
1054 3901 1164 3969 Caesar,

317 3999 355 4040 iss
456 3984 602 4040 lactabant
621 3985 705 4040 sntdis
726 4000 773 4040 uos
790 3987 923 4041 meruisse
940 3985 1009 4040 suis.

368 4070 495 4142 Namque
515 4068 691 4126 minabantur
712 4071 787 4144 (sunt
808 4067 897 4142 testes)
914 4071 1049 4141 proesutis
1069 4071 1136 4127 nimi

452 4154 584 4210 Pulsatas
602 4156 683 4209 mitro
704 4154 813 4211 coetime
830 4155 897 4209 reite
918 4161 1010 4224 nates,

165 4315 366 4329 *a*

230 4435 268 4497 ¹⁸⁸,
282 4437 443 4501 Querebsnt
462 4443 485 4491 t.
551 4437 582 4472 ¹³¹
601 4438 700 4505 loligo,
720 4437 830 4502 eruite,
853 4439 1018 4507 tinemuta,
1085 4438 1117 4473 ¹⁸³
1135 4439 1297 4504 timendum,
1317 4443 1336 4492 i.
1351 4457 1375 4493 e.
1388 4441 1456 4494 unde

164 4520 219 4573 sibi
238 4523 363 4575 timeant.
417 4522 450 4557 ¹³⁸
468 4525 667 4576 Phaetonteas
680 4528 704 4576 1.
723 4527 743 4575 i.
758 4541 782 4574 0.
795 4525 915 4590 Padum,
935 4528 964 4577 in
983 4535 1063 4591 quem
1080 4525 1228 4577 Phaethon
1244 4524 1379 4593 delapsus
1396 4542 1456 4578 nu·

90 4628 97 4635 ·
164 4611 250 4658 retur.
306 4606 338 4642 ¹⁴¹
357 4609 453 4675 duces,
474 4611 515 4660 die
533 4612 632 4676 Depen.
686 4608 859 4662 Theirsross
877 4614 902 4661 1.
968 4609 1001 4644 ¹⁸⁴
1019 4616 1116 4663 sust:
1135 4614 1159 4661 1.
1224 4607 1258 4643 ¹⁸⁸
1276 4610 1457 4664 anhellsbmi

87 4765 91 4771 ἡ
165 4694 221 4742 ut.
275 4690 308 4725 ¹⁸⁸
326 4689 425 4760 soldis]
444 4694 604 4759 stipendiis,
624 4694 763 4746 mercede.
817 4693 851 4727 ¹⁵⁸
868 4694 968 4747 eadere
986 4699 1044 4747 ta.
