3270 5354
313 386 436 425 ΙῙΠΙΙΙ
449 388 487 425 ΑΒ
498 387 633 423 01·ssssss
645 387 856 424 ΙΠΙΙΙΗΔΙΠΙ
868 386 1090 423 unumunurn
1104 384 1197 423 ΗΒΙΒ.

275 564 301 607 rs
315 540 577 622 incomprensibile
598 549 628 603 et
649 542 739 602 citum
762 540 907 602 volumen.

315 644 392 709 llario
412 662 548 723 magnam
571 644 674 705 Veneti
696 643 783 704 utem
806 642 967 715 dederuut,

311 746 394 809 liano
415 764 535 825 semper
556 745 641 807 solito
662 746 762 807 venire
784 743 883 807 Gallus

310 847 406 911 Cursu
427 847 552 911 credidit
574 854 603 910 et
624 855 729 909 tenore
752 852 862 926 coepto:

312 951 420 1015 Verum
440 948 505 1011 lraee
528 967 610 1011 versa
632 957 713 1010 retro
736 947 838 1011 lelellit
859 948 977 1017 arnbos,

148 1080 157 1091 =
271 1072 299 1115 ro
312 1051 350 1113 nt
369 1052 445 1133 quos
465 1051 624 1113 sustulerat
646 1051 745 1113 lunens
767 1052 798 1111 in
820 1049 926 1120 altuni,

309 1152 439 1245 llursurn
460 1153 599 1233 deprimit
619 1153 754 1216 innuens
775 1152 811 1213 all
833 1153 934 1213 imum.

311 1256 449 1317 Fortunat
468 1254 605 1317 instabile
627 1261 673 1331 est
693 1273 857 1334 vagumque
880 1272 1005 1323 uumen;

196 1384 200 1391 ·
311 1356 424 1427 Virtus,
447 1374 523 1437 quos
543 1355 647 1425 habet,
671 1348 760 1418 elficit
783 1355 899 1425 beatos,

221 1542 226 1549 ⁶
310 1458 348 1520 nt
367 1458 463 1539 nquit
485 1458 613 1529 dederit,
637 1466 713 1520 vetat
733 1457 848 1519 revelli:

271 1580 298 1623 rs
312 1560 366 1623 Cui
387 1560 482 1623 tideus
503 1562 602 1622 auimo
624 1560 695 1622 nihil
718 1562 854 1629 timente,

310 1662 391 1725 Votis
412 1661 565 1732 omuibus,
589 1663 683 1724 exitus
705 1662 735 1723 iu
758 1680 875 1730 omues,

309 1764 469 1827 Terrarum
491 1771 581 1843 eaput
602 1764 637 1826 ad
660 1762 732 1825 nihil
753 1764 883 1843 redegit

309 1866 383 1929 Gom
404 1860 495 1928 Gallis
516 1868 642 1927 Venetos
662 1865 875 1945 superbientes.

182 2032 185 2037 ’
247 2050 297 2112 tt.
437 2081 441 2090 ·
495 2056 543 2105 uu
563 2052 735 2103 ronrvun
753 2053 802 2102 uu
822 2052 1010 2103 cnsnnuu.

308 2172 405 2237 ‘l'nrda
427 2174 562 2254 quidem,
586 2173 638 2234 sed
661 2175 758 2253 opima
782 2172 834 2234 tibi
857 2173 988 2233 Fortuna
1011 2172 1146 2235 resultat:

394 2276 466 2350 Quas
488 2276 609 2337 veniunt
630 2276 744 2355 cupidis
766 2293 846 2343 sera,
870 2283 967 2336 laureo
991 2277 1126 2337 veniunt:

309 2378 421 2459 Iupiter
442 2377 491 2440 illa
514 2384 583 2441 tuus
604 2376 660 2439 tibi
682 2377 752 2439 duru
775 2377 852 2438 hona
876 2384 1020 2456 temperat
1042 2386 1135 2447 astra,

191 2488 224 2559 ⁸,
283 2500 298 2542 s
397 2480 543 2554 Quiddam
565 2499 581 2541 a
605 2480 746 2549 Saturno,
771 2498 808 2541 ue
831 2481 888 2540 citu
912 2479 976 2547 det,
1000 2481 1117 2558 patitur.

307 2582 449 2663 impediat
469 2579 538 2643 lieet
559 2581 622 2651 ille.
646 2588 742 2642 tamen
766 2581 936 2643 melioribus
957 2583 1043 2641 astris

392 2686 469 2746 Sunt
488 2684 541 2745 tibi
564 2682 609 2745 vel
631 2684 725 2745 media
748 2684 840 2745 lausia
863 2692 964 2762 parata
988 2702 1079 2743 ruura.

309 2786 420 2869 sydera
443 2787 617 2866 promittunt
638 2785 769 2854 meliora.
806 2786 876 2866 quid
899 2785 1044 2862 ambigis?
1065 2805 1101 2847 au
1126 2804 1185 2846 uon

283 2911 297 2950 s
394 2888 522 2951 'surdior
544 2888 579 2950 ad
603 2895 702 2949 votum
725 2895 770 2949 est
792 2889 900 2967 optima
923 2906 1046 2967 quaeque
1069 2888 1149 2949 dies?

246 3071 288 3133 tt
529 3076 580 3126 un
600 3074 722 3129 nunno
741 3074 790 3125 εἰ*
809 3073 968 3125 crnsnnu.

308 3194 413 3257 Omnia
435 3202 504 3257 suut
525 3194 616 3265 Galli,
640 3202 742 3256 eontra
765 3195 839 3271 petit
861 3194 957 3273 omnia
980 3192 1093 3254 Caesar:

341 3330 346 3339 ·
392 3296 445 3359 llle
467 3296 546 3377 quod
568 3305 613 3359 est
636 3297 758 3365 lruitur,
782 3296 829 3356 hio
852 3296 931 3374 quod
953 3294 1037 3356 abest
1058 3295 1158 3356 inhiat.

309 3400 369 3461 Fau
388 3399 490 3471 ludos,
512 3399 659 3470 Fortuna,
683 3398 812 3477 aliquos.
835 3404 945 3459 mutata
969 3404 1105 3476 repente,

282 3521 295 3562 r
393 3502 490 3565 Gusar
511 3509 545 3563 ut
566 3501 628 3563 haec
650 3500 773 3572 habeat,
796 3499 896 3561 Gallus
918 3506 950 3561 ut
972 3499 1033 3560 haee
1057 3500 1163 3579 cupiat.

240 3684 292 3748 70.
342 3650 347 3659 ’
652 3688 702 3738 un
720 3688 855 3738 runnu.

308 3808 440 3895 lfiotores
462 3806 549 3887 paulu
572 3815 639 3868 aute
661 3824 753 3887 penes
776 3826 841 3868 sors
864 3825 1006 3886 prospera
1029 3806 1128 3868 Gallos

336 3976 339 3981 ,
395 3909 469 3971 Cum
491 3909 584 3979 foret,
607 3912 637 3973 iu
661 3910 742 3972 Latio
766 3909 863 3971 labula
886 3909 983 3971 Gaesar
1006 3917 1085 3970 erat:

306 4012 401 4075 Vertit
420 4030 453 4074 se
475 4012 606 4073 Fortuna
628 4020 723 4082 retro,
747 4014 902 4074 Germania
925 4013 1007 4079 vicit,

280 4137 293 4178 t
394 4114 554 4176 Confestim
577 4113 677 4175 Gallus
700 4114 833 4193 displicet
855 4113 952 4175 ltaliae.

168 4318 213 4371 67.
242 4316 266 4351 ⁸¹
282 4318 430 4369 Terrarum
443 4315 537 4385 ceput]
557 4318 660 4370 Caesur.

167 4402 213 4456 ω.
240 4400 274 4437 ⁸⁴
291 4404 365 4456 loris
382 4403 492 4455 stolium
511 4403 676 4468 benignam,
702 4403 812 4453 Saturni
836 4402 984 4467 malignum
1010 4418 1072 4451 osso
1091 4403 1229 4467 putabunt
1247 4404 1389 4470 astrologi.

113 4490 168 4557 rpr.
219 4488 348 4541 'unsri
364 4492 439 4540 2...4.

167 4572 213 4627 0.
242 4572 285 4625 Ad
307 4577 410 4625 statum
433 4588 522 4625 rernm
539 4573 701 4624 Italicorum
720 4572 810 4639 qualis
829 4588 853 4622 n.
871 4571 944 4621 latr.
959 4572 1017 4621 iere
1037 4572 1143 4634 iuerat,
1168 4572 1228 4623 lraee
1252 4578 1316 4639 epte
1335 4575 1391 4626 diui

113 4654 238 4711 m·
1423 4658 1426 4665 .

168 4740 214 4795 'lli-
243 4742 339 4797 ΟΜ
356 4742 500 4811 ορίςτ.67.
514 4743 656 4795 adnotute.
