3338 5370
367 323 513 359 ΒΛΒΕΙΜΟΙ
527 322 621 357 BERV!
634 323 801 359 venustent
813 323 1006 359 ensentntcvs
1020 325 1039 358 1.
1053 322 1277 357 GENETHLIACON.
1390 290 1463 365 807

383 480 454 536 Moe
473 479 521 535 nbi
539 479 644 535 dilectae
664 480 775 550 superis
796 479 915 550 confinia
935 485 1021 534 terra

382 567 487 636 Atttqu,
504 563 550 621 hic
569 564 681 621 haerens
701 565 842 620 lachrimis
857 566 897 620 sic
919 564 1042 619 creditur
1063 580 1143 620 orsa:

381 649 471 705 ‘Tene
490 664 539 722 eqo
560 656 701 705 terrarum
723 652 874 721 specimen,
895 648 1026 705 Saturnia
1049 651 1141 719 tellus,

330 751 368 792 ets
382 735 481 793 ‘Cuius
503 734 605 791 denua
622 742 721 807 polens
742 749 837 791 rerum
858 735 1017 790 moderatur
1037 733 1165 805 hebetus,

381 820 470 876 ‘Itum
489 833 604 893 sequor,
620 823 740 875 incertas
759 820 885 892 satorum
905 821 1016 875 conscia
1038 836 1123 876 curas

381 904 568 960 ‘Destituant
589 912 652 960 tune
671 905 819 961 immodicis
839 912 949 960 assueta
970 906 1130 976 triumphis,
1233 933 1237 939 ·

382 987 466 1057 ‘Qua
486 991 584 1046 nirhtte
602 992 690 1048 uirum
712 990 847 1062 rebusque
868 979 966 1044 innma
987 991 1115 1045 secundis

383 1072 456 1130 ‘Sub
472 1075 587 1146 pedihus
608 1076 736 1131 tlensium
754 1081 895 1130 terrarum
912 1074 1034 1146 despicis
1052 1076 1159 1144 orbem,

332 1176 372 1219 eso
385 1159 534 1216 ‘Presidio
555 1163 671 1232 spoliala
694 1161 774 1215 deum
793 1163 928 1232 veterique
943 1158 1044 1230 fauore

382 1243 468 1300 ‘Mox
488 1260 572 1301 ruere
593 1248 706 1318 incipies
726 1252 855 1319 retroque
876 1245 980 1299 abiectu
1002 1243 1126 1317 referri?

383 1328 461 1386 ‘Non
482 1332 535 1386 erit
554 1330 618 1386 hinc
639 1332 742 1386 cultrix
762 1328 891 1402 Turpeiae
907 1331 1001 1401 rupis,
1025 1336 1055 1384 ut
1071 1331 1146 1398 olim,

382 1414 514 1486 ‘Imperii
527 1416 654 1471 Fortuna
675 1419 785 1471 comes?
806 1418 853 1471 vin
876 1415 984 1470 excidet
1003 1418 1088 1482 omni,

384 1499 437 1555 ‘tlt
457 1515 537 1568 reor,
559 1500 712 1573 Hesperia,
733 1516 785 1555 nec
805 1503 830 1556 si
851 1503 905 1554 iam
929 1501 1016 1554 littore
1037 1505 1089 1555 toto

332 1601 369 1642 ess
384 1583 565 1642 ‘Suhmoueor
581 1588 731 1659 primaque
748 1593 823 1643 vetor
842 1587 991 1640 consistere
1011 1591 1104 1654 terra,

381 1669 536 1726 ‘Fluctibus
558 1673 587 1725 in
608 1671 700 1726 mediis
716 1670 796 1726 sedes
816 1677 913 1742 optare
934 1675 1051 1725 recuso'.

381 1755 461 1811 osen
480 1761 506 1810 et
529 1754 662 1812 Oenotris
681 1771 820 1828 opressum
840 1756 941 1826 finitus
963 1770 1061 1827 aqmen

382 1840 574 1914 hhthentisque
594 1843 717 1916 equitas,
740 1847 777 1896 tol
796 1843 851 1895 iam
871 1840 968 1912 quihus
993 1841 1039 1894 illa
1053 1855 1109 1912 per
1128 1855 1217 1895 asinos

381 1924 453 1981 Fida
472 1941 561 1982 comes
579 1925 691 1998 fuerat,
712 1926 853 1981 lachrimis
871 1925 1012 1996 spectabat
1027 1925 1143 1987 chortis.-

288 2062 290 2067 .
332 2027 371 2068 no
388 2011 456 2067 tum
474 2011 541 2082 stetu
558 2012 681 2084 perfusa
702 2026 789 2083 qenus
806 2011 967 2065 miserabilis
988 2027 1044 2066 uno

384 2095 480 2152 obtutu
499 2097 592 2168 defixa
611 2098 687 2152 sedet
703 2102 850 2167 moeretque
866 2096 980 2164 tuendo,

380 2182 453 2238 Dum
470 2182 632 2252 proculire
650 2182 719 2237 uidet
741 2184 854 2252 totisque
872 2181 1009 2236 excedere
1028 2182 1134 2251 campis

382 2265 466 2339 Siqua
487 2269 562 2321 mari
582 2269 716 2338 terrisque
732 2268 795 2322 olim
813 2267 987 2337 qratissima,
1010 2280 1150 2336 nunquam

383 2351 427 2406 Ad
447 2353 519 2407 m'sus
542 2352 667 2407 reditura
688 2367 760 2407 suos.
781 2360 837 2406 turn
859 2351 975 2423 denique
995 2349 1030 2404 uh
1051 2352 1103 2404 imo

330 2453 369 2493 ns
381 2435 497 2492 Pectore
518 2436 566 2492 dat
584 2440 713 2509 qemilus,
726 2444 874 2508 postquam
896 2448 1045 2491 vanescere
1065 2441 1162 2489 contra

383 2520 479 2577 Omnia
496 2525 658 2593 prospexit,
680 2525 835 2594 sensimque
853 2522 956 2592 affecta
979 2523 1088 2576 retorsit

380 2606 497 2662 Lumina
515 2609 544 2661 in
564 2609 701 2663 Ausonias
721 2614 813 2662 terras
831 2624 886 2679 qua
905 2605 1010 2661 Mttrlia
1031 2613 1132 2677 septem

381 2691 471 2748 Roma
491 2692 565 2748 sedet
586 2695 694 2748 tumulis
715 2692 935 2763 lachrimnnsque
956 2690 1016 2746 htec
1035 2706 1083 2746 ore
1102 2693 1191 2745 lacerta
1210 2698 1265 2744 est:

381 2778 519 2833 ‘Felices’
545 2780 631 2849 inquit
652 2778 753 2844 sedes,
774 2778 878 2849 salicia
900 2777 1013 2847 templa,

329 2878 368 2919 tio
382 2861 577 2935 ‘Romuleique
593 2864 682 2929 lares,
702 2877 769 2934 quos
791 2863 897 2916 demum
919 2863 1001 2917 invita
1022 2861 1136 2930 reliqui,

378 2949 527 3018 ‘Accipite
549 2954 674 3002 extrema
695 2962 815 3018 rtamqnc
835 2945 895 3001 haec
917 2961 962 3001 eos
985 2946 1109 3016 alloquor
1129 2945 1215 3011 hora,

379 3030 473 3089 ‘Ilicet
493 3040 626 3088 (eternum
646 3035 701 3086 iam
724 3047 766 3086 me
787 3032 853 3087 deus
874 3037 972 3086 auocat
992 3031 1052 3096 ille,

380 3116 448 3173 ‘Ille
469 3118 536 3173 deus
556 3120 605 3188 qui
625 3123 723 3173 curtcta
745 3119 828 3189 reqil,
850 3118 897 3188 qui
916 3122 1015 3170 cuncta
1035 3114 1185 3186 qubernul,

379 3203 478 3261 ‘Cuius
499 3206 574 3258 iussa
593 3217 710 3275 sequor:
732 3217 819 3274 neque
840 3203 910 3256 enim
928 3200 994 3255 mihi
1014 3207 1090 3254 certa
1108 3205 1245 3270 potestas,

328 3304 365 3344 ns
381 3291 389 3316 ‘
396 3286 523 3355 Qualem,
548 3287 652 3355 Roma,
673 3294 758 3359 putas
777 3288 912 3358 firixitqne
934 3286 1042 3340 indocta
1064 3291 1196 3340 uetustas:

379 3372 474 3429 ‘Illius
491 3375 627 3428 immensis
644 3374 750 3429 alienas
768 3386 896 3444 querere
913 3371 992 3426 sedes

380 3459 522 3531 ‘Cepimur
538 3461 674 3530 imperiis;
695 3460 746 3514 scd
765 3465 793 3513 tu
814 3457 940 3512 mortalia
957 3462 1062 3510 tantum

380 3543 497 3600 ‘Desine
516 3546 628 3598 mirari:
646 3562 700 3599 non
723 3561 781 3599 arx
802 3545 858 3598 eris
874 3542 961 3610 orbis,
985 3548 1014 3596 ul
1034 3547 1112 3609 ante,

378 3628 429 3683 ‘tt
443 3632 556 3701 pietatis
577 3632 650 3684 eris'.
693 3630 826 3701 Dixitque
847 3634 874 3683 et
893 3630 967 3682 iussa
989 3628 1086 3681 sedere

328 3730 366 3771 no
380 3712 494 3769 Finitus
515 3714 660 3788 Hesperiis
681 3717 827 3770 immensas
848 3716 962 3786 suspicit
985 3714 1083 3784 Alpes,

378 3796 499 3871 Suspicit
518 3807 544 3854 et
561 3801 626 3855 caelo
645 3808 772 3855 surrecta
791 3803 936 3855 cacumina
959 3799 1073 3853 damnat

377 3883 587 3957 Perpetuusque
608 3888 697 3953 niues,
717 3886 902 3958 liquidumque
920 3899 974 3955 per
993 3899 1063 3937 cern
1083 3883 1163 3953 lapsu

376 3969 551 4042 Proepetihus
566 3971 669 4041 pennis
688 3972 820 4043 uarioque
838 3972 950 4042 insiqnis
963 3970 1068 4023 ,amictu

379 4053 545 4128 Perstrinqit
561 4055 679 4128 qelidnm
701 4055 834 4110 talaribus
856 4053 1045 4127 Apenninum:

326 4154 365 4196 ees
378 4138 453 4195 Hinc
472 4140 544 4211 enada
564 4143 711 4212 prospexit
734 4139 803 4194 Vari
822 4141 999 4212 scopulosque
1017 4135 1155 4193 Monachi

377 4225 572 4297 Benacumque
592 4226 663 4281 lalus
682 4224 758 4297 quotl
777 4226 881 4282 Gallica
902 4224 1029 4280 uerberat
1046 4222 1135 4287 unda,

380 4307 492 4384 Quoque
513 4309 599 4382 Lt‘qur
621 4313 775 4366 succinctus
797 4317 874 4378 arnt,
896 4325 962 4364 mox
983 4310 1071 4363 liltore
1093 4307 1157 4361 lteuo

378 4396 522 4451 Accelerat
541 4397 671 4468 lituosque
689 4397 782 4450 oculas
803 4393 856 4449 huc
873 4396 957 4467 flectit
977 4401 1001 4448 et
1021 4394 1096 4448 illuc.

315 4479 317 4483 ’
377 4479 510 4536 Protinus
529 4486 681 4537 occurrunt
696 4483 800 4536 iniectce
817 4479 945 4550 [luctibus
963 4493 1060 4533 arces.-

179 4610 379 4621 *ιι-

108 4618 115 4645 Ι

244 4676 278 4710 ⁸³⁹
297 4679 331 4728 eh
350 4680 417 4730 ortis
436 4683 459 4729 l.
511 4677 543 4712 ²⁶¹
564 4682 717 4744 Mammeos,
738 4681 857 4730 hlanaro.
