3270 5354
763 345 885 381 {turum
900 345 947 379 vlu
962 345 1059 379 BOSVS.

468 496 534 557 Non
556 497 649 558 doceo
671 516 736 576 quae
754 498 830 559 dura
852 507 952 578 putes.
976 501 1021 559 cia
1042 500 1114 559 teris
1136 500 1215 558 eunti
1239 505 1282 557 est

551 600 594 660 Ad
618 600 749 662 celebres
771 600 867 662 cultus
889 609 1123 680 perpetuumque
1145 601 1250 667 decns;

466 700 563 762 Triste
586 703 656 762 nibil
678 706 810 772 munitis,
834 703 905 764 nihil
928 703 1125 782 insuperabile
1147 703 1270 768 nostris;

415 825 441 865 sc
549 803 585 864 Et
607 804 706 866 faciles
727 806 823 865 aditus
845 813 874 866 et
896 807 943 884 pia
967 807 1043 865 iussa
1066 822 1147 882 gero.

466 905 547 965 ,ldde
569 906 646 984 quod
670 914 713 966 est
735 906 820 967 nobis
841 909 913 974 m'ta.
936 926 1003 985 spes
1024 915 1120 975 certa,
1144 905 1296 983 perennis,

548 1007 618 1077 Quis
641 1007 712 1068 nolit
734 1028 824 1088 parco
847 1027 951 1086 magna
974 1008 1075 1069 labore
1097 1008 1199 1085 sequi?

468 1110 594 1170 l'icimns
616 1112 773 1189 ancipites,
797 1114 940 1171 morimur
963 1110 1115 1188 fugacibus
1137 1109 1232 1173 boris.

414 1232 440 1269 rs
547 1212 607 1273 Nec
630 1221 744 1273 certum
767 1222 810 1274 est
833 1232 924 1274 unum
948 1215 1043 1273 vicere
1066 1230 1152 1291 posse
1176 1213 1262 1271 diem.

466 1312 589 1382 Quando
613 1317 701 1393 igitur
725 1317 788 1375 citae
811 1317 1006 1394 nequicquam
1029 1316 1146 1375 fidimus
1169 1313 1224 1379 itti,

547 1415 632 1486 uuou
656 1425 754 1495 potes,
778 1425 904 1478 aeternos
926 1420 1022 1478 cicere
1044 1416 1131 1477 tende
1154 1416 1225 1474 dies.

466 1518 553 1578 [tere
576 1537 637 1587 me,
662 1521 755 1585 vices,
779 1520 855 1579 etsi
877 1522 952 1597 petis
974 1520 1047 1586 otia,
1070 1520 1147 1578 ceris

404 1609 437 1688 ’ῃ
542 1619 629 1681 nisce
653 1620 725 1691 lrui,
749 1629 778 1682 et
800 1622 825 1682 si
849 1622 891 1680 tis
913 1623 1024 1690 cicere,
1047 1622 1108 1680 cire
1131 1618 1189 1678 diu,

462 1721 544 1782 Nulla
569 1722 661 1791 salus,
686 1735 823 1803 corrupta
846 1725 945 1801 quies,
969 1725 1070 1783 insana
1092 1720 1199 1799 cupido

546 1824 597 1884 Est
618 1826 715 1885 animo
739 1826 813 1885 ciliis
835 1824 1064 1904 criminibusque
1086 1824 1163 1882 clato.

461 1926 532 1995 Quae
553 1928 578 1985 si
602 1928 678 1988 lorte
700 1927 779 1987 luces
801 1929 919 2006 capiunt
940 1926 1093 1986 dulcedine
1116 1933 1244 1991 mentes,

408 2045 434 2085 oo
541 2028 671 2105 Sperne,
694 2028 787 2089 latent
807 2027 937 2106 pulchris
959 2028 1020 2089 dira
1044 2045 1154 2087 venena
1177 2026 1261 2084 rosis.

462 2128 492 2188 Si
515 2128 585 2207 quid
609 2132 638 2189 in
662 2130 718 2189 biis
740 2131 806 2190 cluri
829 2137 887 2199 est,
911 2130 1045 2189 humanae
1067 2126 1223 2188 inamabile
1246 2125 1350 2191 nrecni,

545 2230 610 2290 Non
634 2238 718 2307 potes
740 2232 847 2290 imitus
868 2230 1030 2309 prendere,
1054 2230 1125 2289 dura
1149 2228 1231 2305 iuge!

462 2331 598 2392 Fascinat
620 2333 738 2393 insanas
761 2331 881 2393 Veneris
903 2332 1018 2393 lascivia
1042 2339 1170 2399 mentes,

409 2453 435 2493 co
544 2431 646 2493 Dulcia
668 2433 808 2512 pestifero
832 2434 937 2510 gaudia
959 2435 989 2492 in
1013 2452 1063 2493 oro
1087 2451 1209 2510 gerens:

460 2534 528 2595 Haec
551 2535 602 2594 ubi
625 2534 737 2595 solicito
759 2536 880 2595 iuvenes
902 2537 1081 2614 praestrinxit
1102 2552 1219 2601 amore,
1286 2551 1289 2557 ·

544 2637 576 2696 ln
600 2635 713 2697 subitos
734 2655 819 2697 casus
841 2637 1017 2714 insidiasque
1039 2636 1136 2695 trabit.

460 2736 563 2806 Furta,
588 2737 663 2806 doli,
686 2746 794 2806 metus,
818 2741 877 2807 ira,
901 2756 1004 2803 neces,
1028 2738 1176 2813 contagia,
1199 2735 1309 2801 caedes,

408 2859 433 2897 n
541 2837 577 2898 Et
600 2839 684 2898 luciae
705 2857 852 2899 siricamum
876 2841 997 2899 suntin
1020 2856 1120 2898 amore
1142 2837 1261 2896 bonum.

459 2939 547 2999 Vince
570 2941 662 3015 igitur
684 2939 832 3009 llammas,
857 2949 888 2999 ut
910 2958 947 3000 ne
969 2941 1092 3016 capiaris
1115 2939 1151 2999 ab
1175 2937 1245 3005 illis:

544 3040 621 3100 Ilum
643 3016 809 3112 lennensi,
833 3050 937 3102 tenero
959 3040 1078 3101 llumina
1101 3056 1206 3118 sparge
1229 3058 1310 3116 rogo.

459 3142 515 3202 Sed
540 3143 621 3219 capit
644 3150 672 3202 et
693 3142 801 3203 multos
823 3144 938 3203 lunesta
962 3143 1083 3220 pecunia
1107 3143 1199 3219 cogit,

408 3263 433 3301 n
542 3243 580 3303 Et
601 3243 699 3320 placet
719 3245 795 3304 lianc
818 3252 932 3322 partam
956 3242 1087 3320 quolibet
1110 3261 1173 3302 csso
1197 3242 1299 3301 modo:

459 3343 561 3403 Caecus
584 3362 669 3403 amor
684 3364 789 3417 ‚rectam
813 3353 858 3404 est
880 3352 910 3403 et
932 3362 990 3402 non
1014 3346 1068 3403 nisi
1091 3361 1161 3402 rana
1185 3343 1291 3409 libido,

546 3442 638 3502 Plena
661 3453 770 3514 metuo,
793 3446 876 3505 nullo
900 3444 1056 3503 certificata
1079 3451 1165 3503 statu.

461 3546 611 3612 Quantum
634 3561 708 3619 opus
730 3554 785 3613 est,
809 3547 880 3606 satis
903 3563 967 3604 esse
988 3553 1072 3621 puta:
1096 3547 1209 3622 cogeris
1232 3543 1267 3603 ab
1293 3563 1351 3604 cum

412 3663 438 3701 ae
549 3643 644 3703 blorte
665 3662 861 3722 supervacuas
884 3644 1018 3723 linquere
1040 3646 1162 3705 divitias.

462 3744 553 3821 Siqua
579 3745 668 3819 igitur
680 3745 837 3822 placeant,
861 3747 917 3804 nisi
939 3748 977 3805 sit
998 3745 1140 3823 placuisse
1162 3747 1319 3812 decorum.

550 3844 670 3920 Elluge:
693 3855 760 3906 sunt
783 3850 882 3907 animo
906 3846 997 3905 rhetia
1021 3854 1102 3906 tensa
1126 3856 1190 3907 tcto:

463 3944 576 4005 Blanda
600 3944 681 4004 clabit
703 3946 837 4013 Veneris,
862 3964 963 4005 rerum
986 3945 1065 4005 dabit
1085 3956 1146 4006 atra
1170 3950 1278 4027 cupido

410 4067 436 4105 ao
547 4045 715 4105 Perniciosa
739 4048 867 4114 bomini,
891 4045 1067 4122 displicitura
1091 4049 1155 4109 deo.

463 4145 555 4206 Cedat
578 4164 662 4204 amor
684 4163 800 4214 rerum,
826 4145 912 4205 cedat
934 4144 1041 4205 mellita
1064 4148 1207 4226 voluptas,

549 4244 650 4304 Solius
672 4252 702 4304 ot
723 4246 818 4324 siquid
843 4247 978 4320 corporis
1000 4265 1062 4306 usse
1086 4249 1172 4309 rides.

326 4412 347 4445 ²¹
368 4428 421 4477 que
436 4416 458 4462 1.
510 4412 664 4462 laevisoa.
715 4409 1005 4476 ”nequidquamua
1057 4412 1076 4446 ³¹
1095 4418 1158 4465 ocia
1170 4420 1241 4467 2...5.
1294 4419 1318 4450 ³⁵
1337 4424 1402 4484 Qne
1421 4433 1446 4477 1.
1487 4430 1513 4462 ³⁶
1533 4449 1584 4482 ve.

257 4495 365 4546 nenol'n
385 4498 408 4545 1.
456 4494 540 4544 ”bin
560 4498 660 4559 &sqq
706 4491 802 4559 inam]
823 4493 945 4542 amabile
964 4497 1055 4561 2.aqq.
1106 4497 1292 4564 ⁴⁰preffif010
1314 4510 1336 4555 ι,
1400 4510 1422 4543 cr
1447 4516 1585 4567 301150520

257 4582 315 4628 Μ.
385 4571 598 4642 “sublilium
667 4574 690 4606 ⁴⁹
708 4576 799 4625 Cocus
818 4580 843 4624 1.
913 4574 1117 4630 ”certificaret
1186 4584 1207 4616 ⁵⁴
1226 4589 1297 4636 retia
1317 4594 1343 4639 2.
1357 4609 1421 4660 sqq,

258 4662 298 4712 72
351 4660 374 4692 fl
393 4660 586 4726 quatl.bss.
641 4657 663 4688 w
681 4654 778 4707 Sossdn

1489 4602 1586 4651 dmmu
