3270 5354
313 350 326 421 1
337 349 386 422 26
416 380 539 417 aventu
548 380 585 415 u>
595 379 879 426 CREMXIHILIANVU
888 381 923 417 Π
933 380 1043 417 ΒΕΜΝΙ
1053 381 1082 416 tsi
1093 381 1219 417 vlnsros
1228 372 1584 426 ΡΒΟΒΙΟιΒΧΒΟΒΤΔΐΟΙΜ.

512 535 558 605 Si,
581 553 635 595 cur
656 553 738 596 erma
761 552 863 612 germ,
887 534 964 595 mdia
989 536 1106 620 esttibi
1128 536 1220 613 glorie
1244 539 1332 605 lenti,

474 659 500 698 m
593 639 630 700 Ut
651 645 753 698 incure
775 645 872 698 temen
893 637 985 699 libera
1007 640 1071 699 iuro
1095 647 1176 701 tuunr
1199 646 1256 699 est:

512 739 560 800 Vis
581 739 667 801 ltales
689 739 794 809 urbm,
818 758 931 818 magere
953 742 998 816 vis·
1017 742 1122 800 nroeuie
1144 740 1246 801 llomss
1326 765 1329 769 ·

595 840 695 901 Visere
718 848 747 901 el
768 843 798 904 iu
820 844 911 902 veteri
934 861 999 921 ques
1020 850 1069 903 tue
1092 850 1160 904 sunt
1182 843 1280 909 Latio:

512 942 620 1003 Contra
643 943 730 1004 audet
752 941 879 1004 Venetus
901 952 1008 1005 coneto
1031 946 1178 1006 exercitus
1201 947 1282 1005 omni
1328 946 1332 952 '

442 1105 444 1109 ,
474 1063 499 1102 se
593 1044 728 1105 Tendere
752 1053 780 1105 et
801 1064 817 1105 a
840 1053 936 1125 cepte
958 1055 986 1106 te
1009 1045 1168 1125 probibere
1190 1048 1249 1115 rie:

512 1144 592 1206 Idem
615 1145 705 1206 uiuite
728 1145 781 1206 tibi
805 1149 902 1226 rapuit
923 1156 1099 1227 centumque
1121 1166 1290 1228 perennes

595 1247 628 1307 lu
650 1246 751 1325 spoliis
773 1248 875 1309 Veneti
897 1268 1078 1311 consenuere
1100 1252 1172 1319 tuis,

513 1350 569 1422 Qui
591 1355 618 1409 te
641 1357 745 1426 sponte
767 1367 819 1410 sue
842 1352 953 1429 petiere
975 1351 1113 1431 uinoque
1135 1351 1298 1421 lacessunt,
1356 1412 1361 1423 ,

475 1472 500 1511 so
596 1448 651 1520 Qui
673 1450 741 1520 tibi,
765 1449 854 1512 multe
878 1461 928 1515 tuo
951 1455 1000 1532 qui
1023 1472 1150 1533 rapuere
1172 1456 1262 1532 petri,

512 1553 627 1629 Quique
649 1551 702 1612 tibi
724 1555 812 1630 primi
833 1552 944 1616 bellum
965 1555 1098 1616 indixere
1121 1554 1265 1617 volentes:

598 1651 672 1723 Quid
695 1655 766 1714 sinis
787 1656 922 1733 impunes
944 1659 1095 1718 exeruisse
1117 1657 1239 1717 menusl

512 1756 604 1818 Posce
628 1764 706 1825 tuos,
729 1766 834 1818 coeant
856 1757 970 1836 populi,
993 1760 1071 1820 leret
1090 1777 1172 1819 armo
1195 1760 1362 1828 iuventus„

475 1878 500 1918 oe
595 1858 665 1930 Quae
688 1877 768 1919 nuuc
789 1858 904 1920 insolite
926 1859 1004 1922 lenia
1027 1862 1125 1938 quiete
1147 1861 1243 1922 sedet!

644 2117 685 2193 Ml
710 2115 939 2158 ssssurssluv'u
961 2117 1258 2166 luvrcmsslrevstovs

568 2218 750 2275 bottidvd
782 2218 1086 2276 nidxldlslun'vtl
1118 2208 1335 2276 rit-’svs'rvst

707 2337 820 2385 BELLO
837 2338 873 2385 lN
889 2338 1049 2386 VENETOS
1065 2339 1208 2386 EVNTEM

664 2442 813 2505 VLRlcl
836 2443 1036 2505 llVTTENl
1059 2443 1243 2517 EQVl'llS

789 2562 1113 2614 exnonrxrro

515 2686 594 2741 Belia
609 2691 718 2756 parent
736 2692 842 2758 pentes,
866 2692 916 2740 roro
936 2687 1066 2742 violentus
1086 2686 1114 2740 in
1136 2685 1202 2740 orbe

595 2770 677 2850 Mers
694 2769 767 2842 surii
787 2779 812 2825 et
829 2785 923 2843 sepner
943 2772 1014 2843 cepit
1033 2772 1061 2825 in
1082 2787 1162 2825 orma
1183 2771 1284 2833 duces,-

513 2859 598 2913 Arma
615 2858 681 2912 viris
699 2856 816 2911 redeunt
831 2859 924 2929 loripes
944 2858 1045 2910 intaeta
1062 2870 1118 2927 per
1139 2872 1244 2923 ornnes,

488 2960 500 2998 ⁴
596 2941 722 2998 Horrida
746 2940 883 2996 Germano
906 2940 1004 2996 Pelles
1024 2942 1060 3001 in·
1076 2940 1141 2996 orbe
1159 2939 1262 3014 fremit.

513 3027 608 3104 Rupta
628 3029 704 3099 quies
720 3027 849 3099 populis,
870 3027 976 3082 eremos
993 3026 1077 3099 serus
1098 3026 1338 3096 excitatiorem,

598 3111 726 3169 Omnibus
746 3119 786 3167 est
806 3112 862 3167 diri
881 3114 1024 3184 sanguinis
1045 3129 1102 3167 uno
1119 3114 1186 3166 sitis.

512 3197 653 3254 Contradit
673 3196 724 3252 iios
744 3204 831 3252 metue
846 3198 996 3271 positisque
1018 3199 1139 3269 reeurpit
1159 3199 1187 3252 in
1207 3200 1295 3252 arnis

485 3301 498 3340 s
585 3282 624 3338 Et
642 3283 838 3338 bellicensem
857 3279 1058 3338 Meemilienus
1079 3281 1170 3345 debet.

511 3368 585 3425 Helie
614 3369 740 3427 renerum
756 3382 907 3439 proceres,
927 3369 954 3424 si
975 3384 1030 3423 nen
1048 3382 1092 3423 me
1110 3367 1191 3440 forno
1208 3366 1323 3442 fefellit,

595 3455 695 3510 luinsti
713 3453 842 3510 ardentes
862 3467 1016 3526 opposuere
1036 3455 1151 3508 animos.

511 3536 562 3606 Qui
586 3549 610 3594 te
628 3540 655 3592 in
677 3537 748 3592 bella
769 3544 880 3603 oncant,
901 3541 951 3610 qui
969 3552 1041 3594 smero
1063 3537 1155 3594 Morte
1177 3546 1336 3601 nrorrnrior.
1549 3555 1587 3604 (er)

476 3640 501 3680 m
596 3622 664 3691 Quid
687 3622 754 3678 sinis
778 3624 900 3695 effrenes
921 3623 1058 3679 exeruisse
1080 3624 1195 3680 manus?

510 3709 594 3766 Posce
619 3717 694 3770 tuos,
714 3716 790 3779 pete,
813 3708 922 3773 Cesar,
944 3724 1038 3780 opem,
1063 3709 1132 3765 ieret
1154 3724 1228 3764 orme
1250 3709 1395 3771 iuventus,

594 3791 659 3861 Quae
680 3810 751 3850 nunc
773 3796 872 3867 ipnooa
893 3801 934 3849 est
950 3793 1029 3866 secta
1050 3793 1141 3869 quiete
1161 3796 1271 3866 prooem
1551 3808 1588 3857 rer)

377 3963 399 3996 ⁵⁸
418 3962 532 4024 emereri,
552 3975 613 4012 eum
631 3977 656 4011 e.
672 3959 745 4011 1507.
760 3966 875 4010 exeunte
894 3960 928 4010 ed
948 3975 1076 4010 coronam
1094 3958 1186 4009 &mm
1211 3947 1404 4024 accipiendam
1424 3975 1441 4009 e
1459 3960 1590 4010 Veronen-

309 4052 384 4102 sibus
402 4065 433 4099 se
452 4064 519 4122 cum=
530 4044 598 4096 4000
617 4045 754 4111 equitibus
773 4044 860 4111 recipi
878 4044 1060 4112 postulasset,
1085 4043 1185 4094 Veneti
1207 4036 1408 4110 responderunt
1430 4046 1549 4095 maximo
1565 4058 1590 4092 se

236 4158 245 4170 ,
310 4153 371 4188 enm
390 4150 451 4185 eum
468 4133 568 4184 honore
587 4137 747 4197 recepturos
765 4145 839 4193 esse,
859 4131 884 4180 si
901 4129 977 4179 nulls
996 4129 1054 4180 elie
1071 4131 1180 4180 ratione
1199 4144 1279 4195 quem
1298 4144 1408 4180 corones
1427 4128 1592 4196 accipiendis

309 4236 395 4272 eeuee
413 4220 533 4281 veniret;
558 4217 641 4268 oliam
664 4221 757 4266 eutem
780 4217 839 4265 eius
862 4219 980 4265 mentem
1004 4231 1064 4266 esse
1088 4230 1150 4266 sese
1173 4215 1322 4280 suspicari,
1348 4230 1410 4264 eum
1435 4221 1593 4281 apparatum

309 4306 439 4357 bellicum
462 4304 499 4355 sd
519 4302 695 4354 Lomberdiae
718 4300 787 4350 fines
810 4300 978 4351 adduxisset.
1004 4300 1224 4351 Gnieeiord.V11.
1243 4290 1332 4349 Bernb.
1347 4299 1409 4349 VII.
1428 4316 1446 4350 a
1462 4301 1520 4351 noo
1537 4297 1592 4350 xn.

309 4390 413 4442 Eadem
431 4390 506 4441 inire
523 4389 639 4439 redeunt
656 4404 682 4437 v.
695 4385 755 4436 241.
768 4402 808 4450 sq.
823 4384 881 4436 735.
895 4400 935 4450 eq.
981 4383 1014 4428 .⁵⁶
1032 4385 1194 4439 Tridentum
1211 4389 1327 4435 reuersi
1343 4384 1554 4435 Maximiliemns
1569 4382 1592 4432 d.

309 4474 334 4527 3.
344 4476 428 4527 Febr.
441 4491 467 4526 e.
481 4472 556 4525 1508.
609 4472 632 4504 ⁵⁷
648 4471 737 4523 Bellis
755 4486 816 4521 cum
834 4471 1009 4535 Sigismunde
1028 4471 1092 4536 imp.
1107 4486 1132 4520 e.
1147 4468 1220 4520 1408.
1236 4467 1310 4519 1416.
1323 4468 1444 4534 aliisque
1463 4471 1591 4520 recentio-

308 4553 385 4610 ribus
401 4562 430 4609 in
447 4559 615 4609 Lemberdis
633 4557 768 4616 feliciter,
787 4557 920 4622 imprimis
938 4562 1030 4607 eutem
1050 4572 1075 4606 a.
1091 4553 1164 4605 lusu.
1178 4571 1238 4605 eum
1256 4553 1435 4620 Sigismundo
1452 4555 1524 4607 duee
1541 4554 1592 4604 lie·

308 4644 444 4695 similiani
463 4643 598 4694 avunculo
616 4659 641 4693 e.
656 4641 729 4693 14811.
743 4643 838 4708 gestis.
891 4642 913 4674 ‘i'
930 4640 1014 4708 putri]
1028 4641 1170 4692 Friderieo
1183 4640 1233 4691 111.
1247 4638 1450 4693 eteruisti.
1465 4638 1538 4691 1449.
1549 4646 1591 4689 ete.

376 4727 397 4762 ¹¹
415 4727 500 4779 Posce
520 4733 543 4779 1.
