3270 5354
170 374 244 446 214
371 402 495 439 nv'r'mtl
508 402 545 436 ΔΙ)
558 401 690 437 GAESARBH
703 398 917 436 ΙΔΧῙΙΙΜΔῙΠΙ
929 398 1152 435 :ululantum
1164 399 1262 435 niun.
1362 385 1367 397 ’

372 558 475 618 Cernis
497 565 529 616 ut
551 556 689 632 Euganea
713 555 840 632 respiret
861 553 977 615 Marcus
998 554 1028 612 in
1051 553 1130 615 unda

346 678 359 718 r
458 659 553 737 thue
577 665 693 719 tumens
715 656 807 736 patria
831 656 875 714 vix
899 656 1030 732 capiatur
1052 655 1146 734 aquai

374 760 467 821 Causa
489 761 549 828 rei,
573 758 696 837 sumptis
719 774 777 816 non
801 756 894 816 inuste
917 756 1065 817 Teutones
1086 755 1177 817 armis

457 860 534 922 Mille
557 859 673 940 quoda
697 859 813 920 Venetis
835 858 1022 936 procubuere
1044 858 1112 918 duo.

372 964 410 1024 nt
432 970 586 1041 postquam
611 963 690 1022 lenus
713 978 794 1020 arma
817 967 901 1036 geret
923 960 990 1021 love
1013 959 1128 1021 vindice
1148 960 1262 1029 Ceasar.

348 1087 360 1126 s
460 1063 544 1134 Quod
568 1070 663 1125 toturn
687 1062 804 1123 Venetis
825 1069 887 1121 tum
910 1063 980 1123 satis
1001 1078 1103 1140 aequor
1125 1062 1200 1122 erili

310 1248 356 1309 16.
564 1249 614 1299 DE
632 1247 791 1298 VENETIS
808 1247 856 1298 ΕΤ
876 1245 1071 1298 GERMANIS.

374 1368 490 1430 Tollere
512 1386 569 1448 par
592 1365 733 1437 Venetos,
756 1365 921 1426 Germanos
943 1383 1025 1426 arma
1048 1364 1198 1440 solebant,

457 1471 671 1547 Ingeniumque
691 1486 779 1530 suum
802 1468 918 1546 pondus
940 1469 1073 1547 utrisque
1093 1467 1197 1529 dabat:

373 1574 524 1635 Mutantur
546 1589 658 1640 mores,
682 1587 779 1648 neque
801 1561 879 1630 enim
902 1568 1059 1630 Germania
1081 1577 1208 1649 pugnat,

347 1699 359 1735 r
459 1674 606 1751 Armaque
628 1680 659 1731 tu
683 1680 794 1733 temere
817 1673 963 1741 conseris,
987 1670 1060 1731 urbs
1081 1671 1235 1733 venetum.

373 1777 404 1838 Si
426 1774 495 1836 licet
516 1775 560 1835 ire
582 1781 677 1841 retro,
696 1754 815 1835 ‘vicibus
837 1774 903 1834 date
925 1779 1026 1834 mutua
1048 1773 1154 1844 versis,

456 1876 515 1937 Res
537 1882 608 1936 tunc
630 1877 798 1945 Germanis,
821 1893 870 1937 res
893 1876 950 1936 crit
971 1880 1001 1936 et
1022 1873 1148 1935 Venetis.

311 2063 354 2124 17,
407 2064 445 2113 IN
464 2061 607 2113 GALLOS
626 2061 806 2112 CAESAREM
824 2061 972 2111 unuani:
992 2059 1226 2111 COMMENTOS.
1273 2061 1277 2067 '

371 2182 483 2244 solaris
503 2191 546 2250 te,
572 2181 653 2255 Galle
676 2181 780 2251 miser,
803 2181 857 2241 tibi
880 2179 987 2257 gaudia
1007 2180 1108 2258 tingis,

456 2279 525 2344 Hac
548 2284 623 2363 petis
643 2276 674 2342 'iu
697 2284 792 2344 media
815 2282 970 2343 commoda
992 2281 1124 2342 tristitia:

373 2386 475 2464 Fingis
497 2387 575 2446 enirn
597 2383 747 2463 rebusque
771 2386 828 2445 tuis
850 2382 948 2445 letum
970 2384 1092 2445 instruis
1113 2401 1218 2455 omen,

348 2516 359 2552 a
459 2487 612 2566 Quisquis
635 2493 663 2546 te
686 2487 715 2546 in
738 2485 848 2564 populo
871 2502 930 2545 non
952 2492 1036 2564 putet
1056 2486 1111 2546 ista
1132 2487 1202 2564 pati.

372 2590 463 2667 Finge
488 2589 605 2668 quidem
629 2606 773 2667 casusque
796 2595 863 2648 tuos
885 2586 982 2648 solare
1004 2587 1181 2666 premendo,

454 2693 567 2753 interea
592 2692 689 2752 Cacsar
711 2691 782 2751 dum
803 2696 886 2768 gerat
907 2689 961 2748 ista
983 2696 1096 2759 tamen,
1151 2712 1153 2717 ¹

370 2793 407 2854 Et
429 2812 516 2872 quem
539 2800 570 2854 tu
593 2794 685 2852 iactas
706 2790 834 2869 abrupto
858 2790 1003 2852 excedere
1024 2788 1118 2861 bello,

346 2916 358 2957 a
458 2895 574 2978 llaereat
595 2875 625 2954 in
648 2901 731 2971 tergo
754 2893 833 2954 cede
855 2910 1003 2973 manuque
1024 2900 1084 2954 tuo.

308 3077 362 3138 18⁸.
594 3079 667 3129 PRO
686 3078 893 3141 PASQVILLO
912 3078 1036 3129 ROMAE.

369 3200 461 3261 Anxia
485 3198 608 3261 lustrato
631 3204 785 3278 postquam
809 3215 881 3276 gens
903 3196 973 3259 ltala
996 3199 1107 3259 mundo

455 3302 608 3363 Consuluit
629 3306 709 3361 vates
731 3298 936 3380 consuluitque
958 3300 1045 3371 deos,

369 3402 453 3477 Quod
476 3403 552 3465 male
574 3403 755 3483 respondent
776 3408 871 3469 vates.
894 3401 1055 3482 Pasquille,
1078 3403 1201 3484 deique.

342 3526 354 3566 ⁴
454 3504 497 3566 Te
518 3512 605 3582 rogat
626 3506 733 3566 amisso
756 3503 871 3565 Caesare
894 3504 1000 3566 uesci·
1021 3503 1072 3565 ubi
1095 3503 1166 3566 estl'

370 3610 454 3670 Certa
478 3625 533 3668 nec
555 3606 666 3686 accessi
687 3609 823 3667 referunt
845 3604 962 3667 oracula
986 3606 1105 3685 Delphi,

452 3708 514 3771 Nec
535 3709 675 3770 Dodonaei
696 3706 774 3789 sylva
798 3724 907 3768 canora
929 3707 1018 3776 lovis3

167 3865 370 3877 ‘—

235 3963 274 4014 to.
305 3964 703 4030 Epiprr.16.17.18⁸.omic.3.
768 3960 776 3994 ¹
795 3959 917 4028 Tollere]
939 3962 1201 4027 evehere,'angere.
1266 3960 1456 4016 ⁸Rettulerira

164 4048 225 4098 lroec
244 4049 279 4099 ad
296 4065 393 4115 pacem
413 4050 486 4098 inter
499 4047 634 4099 Caesarem
647 4049 822 4113 Venetosque
836 4063 860 4101 s.
877 4046 950 4098 1513.
964 4052 992 4096 et
1010 4047 1123 4097 ineante
1142 4061 1167 4096 a.
1181 4045 1257 4098 1511.
1272 4046 1377 4099 frustra
1394 4055 1456 4100 tem

164 4138 279 4199 piatam.
333 4133 344 4165 ⁸
363 4131 427 4198 Res]
447 4147 524 4183 suum
544 4134 658 4198 quisque
676 4133 766 4183 locum
785 4133 839 4182 sibi
858 4132 1069 4182 convenientem
1087 4131 1265 4198 debitumque
1283 4138 1400 4199 uterque
1413 4135 1457 4185 ha·

164 4216 251 4268 bebit.

233 4302 273 4353 l'i.
304 4303 348 4354 cf.
363 4303 398 4353 ad
416 4318 443 4354 v.
456 4301 481 4353 3.
495 4302 645 4368 superioris
663 4303 749 4369 epigr.
800 4300 943 4352 1⁸loetum
963 4305 986 4354 1.
1056 4298 1155 4367 ⁴pati]
1180 4301 1284 4368 expelli
1308 4319 1342 4354 ex
1366 4303 1457 4368 Itclic,

165 4387 236 4452 quod
254 4393 318 4453 post
335 4403 455 4455 pugnem
473 4389 673 4439 Noverieusem
693 4387 782 4453 magis
801 4387 944 4452 magisque
965 4384 1054 4436 Gellia
1075 4385 1226 4437 accideret.

232 4471 284 4522 18⁸.
314 4473 384 4524 Haec
403 4473 456 4524 dno
474 4473 674 4540 epigrammata
687 4472 822 4537 inscripta
836 4472 984 4539 ‘Huttenns
1002 4470 1038 4521 ad
1050 4468 1229 4537 Pssquillnm'
1249 4476 1279 4524 et
1291 4473 1457 4540 ‘Puquillus

163 4556 301 4607 Romanis'
314 4557 430 4623 primum
448 4558 608 4624 prodierant
621 4574 645 4608 a.
662 4555 735 4608 1516.
749 4561 812 4624 post
823 4555 979 4622 Epistolem
990 4556 1080 4608 ltaliae
1100 4556 1193 4607 indice
1211 4555 1279 4607 bibl.
1294 4557 1375 4610 Hunc
1388 4574 1458 4611 nun.

163 4639 442 4706 X1.2.deseriptam.
507 4640 518 4673 ⁵
535 4642 669 4709 Respexit
686 4646 770 4708 poete
789 4642 824 4691 ed
842 4639 923 4692 Corn.
936 4641 1006 4707 Nep.
1026 4641 1056 4691 in
1073 4641 1218 4706 Lysandro
1237 4657 1261 4692 c.
1273 4641 1302 4695 3.
1320 4644 1458 4707 „Primam

163 4721 287 4789 Delphos
305 4740 479 4793 eorrumpere
498 4731 541 4777 est
559 4731 684 4778 coaetus.
720 4741 780 4776 cum
804 4725 832 4775 id
855 4741 909 4777 non
931 4727 1080 4792 potuisset,
1104 4725 1250 4777 Dodontm
1274 4727 1390 4781 adortus
1408 4734 1457 4782 est
