3270 5354
181 372 253 448 3⁷2
359 404 484 439 ttvnrttttt
497 403 526 438 nt
540 402 736 438 ΒΧΟΕΡΤΙΟΝΙΙ
750 401 937 437 ttouvttrtnnu
950 402 1071 437 Annum
1085 401 1289 438 consumens.

383 557 528 619 Omnibus
550 564 583 618 ut
605 573 726 633 regnes,
751 556 868 619 dubitas
891 557 1046 636 haeresque
1068 556 1203 634 pudore?

381 661 489 738 Accipe
511 666 682 738 poscentes,
706 658 783 720 ultro
806 660 872 737 iuga
895 658 950 720 sub
974 665 1022 719 tua
1046 659 1155 719 cedunt
1371 658 1462 742 12:515

383 761 439 832 Qui
464 763 531 837 cogi
554 760 674 822 voluere
697 763 800 839 prius;
824 770 853 823 te
876 763 1011 840 principe
1033 779 1138 822 rerum

383 861 503 923 Dulcior
526 881 596 922 usus
619 863 675 922 erit
697 864 814 942 utaque
837 865 954 924 suavius
977 865 1034 932 uti,

333 986 370 1025 asa
387 964 576 1044 Propositum
599 973 643 1026 est
665 964 780 1035 multis,
805 966 882 1044 quod
907 964 1018 1025 babent
1040 965 1160 1044 cupiere
1182 970 1227 1025 tot
1249 966 1348 1033 annis;

381 1065 440 1144 Spe
463 1069 557 1127 maior
580 1065 743 1146 meliorque
766 1074 813 1127 tua
837 1066 1023 1145 cupientibus
1045 1073 1143 1136 astas,

382 1168 449 1228 llac
466 1170 566 1246 specie
588 1176 675 1247 atque
698 1170 762 1228 istis
785 1169 894 1236 oculis,
918 1168 971 1228 tibi
993 1169 1086 1246 gratia
1110 1167 1213 1228 lormae
1356 1166 1494 1250 {32:⁸⁸¹

382 1269 560 1348 Natirusque
583 1271 674 1330 decor
697 1269 832 1349 praebent
854 1277 1011 1346 augmenta
1034 1270 1158 1331 laveris:

382 1370 435 1431 Vix
460 1372 499 1431 ita
522 1389 682 1433 succensas
704 1373 783 1432 sicco
806 1374 862 1432 iam
886 1372 1015 1432 cuimine
1039 1371 1139 1450 fruges

331 1494 369 1536 seo
385 1473 495 1533 Ventus
518 1492 608 1552 agens
630 1473 762 1534 dammas
786 1481 904 1535 exercet
927 1482 956 1534 ct
978 1475 1086 1552 impete
1108 1474 1202 1535 nutrit

383 1575 558 1653 Serpentem
581 1578 741 1654 crepitum:
766 1582 836 1636 tunc
859 1595 925 1636 cum
949 1574 1053 1654 procul
1076 1574 1214 1636 omnibus
1236 1593 1331 1646 esses,

382 1677 534 1737 Finximus
556 1685 707 1756 aspectum
731 1678 893 1756 quendam,
917 1695 975 1736 non
998 1679 1135 1739 finximus
1157 1679 1261 1738 isium:

382 1778 484 1839 Omnia
506 1787 575 1838 sunt
597 1798 666 1841 vcro
689 1782 817 1840 maiora:
841 1778 982 1840 incredita
1006 1787 1142 1857 praestas:
1250 1796 1253 1801 ¹

381 1881 442 1942 Vni
465 1880 541 1942 oculi
564 1898 715 1959 purusque
738 1880 834 1951 color,
858 1883 941 1942 irons
963 1879 1043 1949 laeta,
1066 1881 1189 1959 pudoris

329 2006 367 2045 aus
382 1984 470 2061 Signa
494 1983 668 2053 verecundi,
691 1992 803 2044 tantum
828 2003 861 2043 os
883 2002 899 2044 e
922 1985 1063 2061 sanguine
1087 1983 1243 2069 rubrum,¹

381 2084 514 2154 Quantus
536 2086 613 2146 inest
635 2087 725 2146 animi
747 2086 858 2163 pudor,
884 2087 1011 2162 optimus
1033 2086 1164 2163 undiquc
1187 2090 1302 2146 constat

381 2187 584 2248 blembrorum
607 2188 727 2248 modus:
751 2208 787 2248 ex
810 2188 890 2247 omni
913 2194 941 2247 tc
964 2194 1049 2266 parte
1071 2193 1243 2257 venustum,

381 2288 424 2349 Ex
447 2290 528 2349 omni
550 2288 693 2368 aequalem
717 2289 786 2350 lecit
808 2289 896 2362 deus3
919 2287 1023 2349 aemula
1047 2295 1134 2349 tantae
1271 2285 1494 2373 llpgtdssffl.

382 2391 514 2470 Corpora
539 2392 653 2451 virtutis
676 2388 830 2470 vultusque
854 2399 883 2450 et
905 2389 1031 2451 amabile
1053 2393 1180 2467 signum.

330 2512 369 2553 coo
385 2491 527 2570 Expirate
549 2510 641 2561 rosae,
665 2494 772 2552 summi
795 2493 942 2553 vanescite
964 2491 1074 2553 cultus:

381 2594 436 2655 Hic
459 2594 563 2664 decor,
587 2593 636 2654 bic
658 2612 741 2653 amor
764 2595 821 2654 est!
844 2594 920 2666 Quid
943 2601 1005 2654 tum
1028 2595 1055 2654 si
1076 2594 1212 2654 inviderit
1234 2596 1337 2661 istum,

381 2695 456 2756 llum
479 2693 560 2755 malit
582 2712 706 2772 regnare
729 2695 799 2767 sibi,
823 2697 925 2759 vicinia
950 2695 1052 2756 nobisl

380 2797 440 2858 lam
466 2804 547 2858 vetus
569 2797 632 2857 baec
655 2797 690 2857 lis
712 2807 757 2858 est
779 2796 909 2877 populis:
933 2816 989 2876 pro
1013 2796 1130 2857 dotibus
1151 2797 1215 2857 istis

382 2899 534 2969 Certatur,
559 2899 638 2976 quod
661 2900 785 2978 quisque
808 2902 890 2979 cupit
918 2899 988 2960 dum
1012 2899 1147 2978 possidet
1167 2897 1257 2969 alter,

329 3022 368 3062 oca
382 3003 503 3064 Aestuat
524 3002 601 3060 intra
624 3019 656 3062 se
679 3000 891 3080 melioremque
914 3002 1024 3062 invidet
1045 3018 1163 3061 auram:

332 3134 338 3181 p
381 3101 440 3162 Nos
464 3102 579 3162 fortuna
602 3101 671 3162 beat
692 3102 802 3163 trustra
824 3102 1028 3164 allectantibus
1050 3100 1116 3162 illis.

379 3204 470 3282 Regia
493 3203 676 3264 Francorum
700 3203 817 3266 soboles
839 3203 896 3265 sibi
918 3204 1053 3265 vendicat
1074 3212 1187 3273 ortum,
1344 3200 1467 3279 lim„

383 3304 514 3366 diarchia
536 3306 681 3366 nutricem
705 3307 807 3376 iactat,
831 3314 892 3366 tnm
916 3306 1024 3366 Norica
1048 3308 1141 3366 civem

380 3406 448 3468 Vult
469 3407 542 3468 urbs
564 3425 628 3468 esse
651 3426 753 3477 suum;
777 3409 930 3469 dominum
952 3425 1025 3485 gens
1047 3410 1162 3468 Saxona
1185 3408 1290 3486 primis

327 3531 366 3572 ero
381 3508 514 3570 Obtinuit
536 3510 623 3579 votis;
646 3511 758 3570 maiora
780 3512 811 3571 in
834 3510 989 3570 commoda
1011 3509 1133 3571 llbenus

380 3609 522 3679 Abstulit,
545 3612 575 3670 in
598 3613 752 3691 maiusque
775 3612 880 3673 decus:
905 3631 942 3673 ne
965 3612 1089 3679 credite,
1113 3611 1205 3681 circs,

378 3713 442 3773 Non
465 3713 520 3773 diis
541 3713 725 3790 auspicibus:
750 3721 829 3775 certe
852 3714 929 3774 baud
954 3714 1136 3773 manifestius
1158 3730 1289 3791 uuquam

378 3813 495 3875 llortati
517 3816 631 3893 superi:
657 3832 707 3874 vos
728 3814 786 3876 laeti
808 3816 950 3876 admittite
973 3815 1095 3893 dignum

379 3916 442 3977 Hoc
465 3916 622 3996 desyderio
644 3916 772 3987 donum,
796 3926 913 3996 sperate
936 3918 1051 3977 tuturos

271 4035 272 4038 ’
327 4041 365 4081 cn
381 4019 509 4080 decessu
532 4017 653 4080 meliore
676 4018 754 4088 dies;
778 4020 835 4079 iam
858 4019 953 4098 prima
977 4019 1125 4087 iuventus,

380 4121 455 4181 llam
476 4122 588 4182 maiora
610 4121 693 4181 anni:
716 4127 866 4198 spectatur
888 4118 925 4180 ab
948 4118 1047 4180 indole
1070 4121 1162 4180 virtus
1364 4118 1368 4198 l
1391 4135 1461 4171 nrm

177 4241 380 4253 ψ

245 4306 279 4341 ⁸⁸⁵
301 4309 320 4359 i.
335 4324 360 4358 c.
378 4306 484 4356 hebent
502 4307 574 4372 quod
593 4307 703 4372 cupiere
723 4310 763 4357 tot
781 4307 870 4357 annis.
940 4305 974 4338 ⁶⁸⁶
998 4307 1102 4367 adstas,
1124 4309 1151 4358 3.
1164 4310 1189 4356 5.
1202 4309 1226 4355 6.
1309 4303 1342 4338 ⁵⁹⁸
1366 4306 1420 4354 Hoc
1440 4307 1461 4351 et

175 4410 284 4462 aequm
302 4397 389 4445 lem
405 4392 487 4442 curten
506 4395 533 4443 3.
603 4390 637 4424 ⁶⁰⁷
654 4391 784 4441 Albcrtus
807 4406 945 4457 pronepos
968 4390 1105 4442 Fridorici
1128 4391 1294 4456 burggrovli
1317 4390 1459 4440 Norimber·

177 4479 273 4546 gomis
299 4478 366 4539 tuit,
400 4478 447 4542 qui
473 4477 576 4542 primus
601 4475 707 4527 elector
732 4475 1012 4541 Brundeoburgonsis
1040 4492 1065 4526 a.
1085 4473 1160 4526 1417.
1179 4473 1355 4526 Constantine
1380 4471 1460 4524 decla·

177 4567 255 4613 retu·
266 4565 318 4624 cat,
337 4566 460 4612 mortuus
473 4566 565 4611 autem
579 4558 696 4610 21440.
740 4559 870 4610 Albcrtuc
883 4577 908 4610 a.
925 4559 998 4611 1513.
1013 4559 1240 4626 archiepiscopus
1251 4559 1459 4626 Mogdeburgcn·

177 4645 218 4697 cis
235 4645 420 4712 cauterioque
431 4644 679 4696 Hclbcrstudenais
697 4644 907 4697 administrator
925 4645 1017 4695 laetus
1036 4645 1137 4695 lucrat
1159 4643 1195 4697 cl.
1209 4660 1236 4694 v.
1254 4642 1327 4695 litto.
1374 4641 1407 4676 ‘¹⁴
1421 4640 1459 4690 dc·

177 4727 281 4781 ciderio
297 4732 370 4783 M·
