3270 5354
163 306 235 379 198
293 336 331 374 ΔΙ)
343 336 504 374 ΕΒΕΟΤΟΒΕΕ
518 302 687 380 BBfflQVOSQ·
701 337 895 375 GBBUANOBVU
907 337 1057 374 saluatus
1071 336 1184 375 (213111
1197 336 1319 377 nunu.

361 497 401 554 Et
416 495 530 569 tractas
548 495 670 569 aquilos,
690 495 775 567 pleno
795 511 909 568 equora
931 499 1111 570 transbaque
1127 499 1214 555 vavi

364 582 530 654 Sonpninis,
548 588 574 637 el
602 580 701 637 Veneto
718 579 877 652 prebentes
898 587 976 654 torpa
998 579 1115 649 Suevos,
1149 594 1155 603 ·
1246 614 1249 619 ·

363 667 556 739 Captivumque
577 666 682 722 ducem.
729 665 852 721 Tumida
870 681 887 720 o
904 667 1035 722 iactantia
1054 667 1159 739 pontis!

365 751 432 808 Tale
449 766 500 806 nec
519 753 610 807 erexit
626 756 758 821 superato
781 749 891 807 Gracia
910 751 1025 820 Xerxe,

314 853 351 894 ooo
367 837 426 893 ltec
449 839 544 892 solans
563 838 633 892 oioto
656 834 822 913 Cartbopine
839 834 932 892 Roma
947 834 1115 915 tropbaeume

362 921 407 978 An
428 922 483 976 nisi
502 920 631 976 invidiam
652 919 786 976 Germani
803 921 942 988 culminis,
963 921 1061 993 uipcns

363 1006 491 1063 Dedecus
513 1006 542 1060 in
562 1012 681 1062 oestrum
699 1007 760 1078 quis
779 1006 847 1061 talia
860 1007 1006 1077 pinxerit?
1027 1005 1087 1072 lte,

323 1125 333 1138 -
364 1089 422 1160 lte,
444 1092 510 1157 viri,
533 1092 654 1162 antiquae
674 1092 700 1145 si
719 1105 767 1146 vos
787 1091 892 1147 virtutis
910 1092 999 1162 imapo

368 1176 430 1232 Ulla
447 1180 547 1241 mooet,
570 1178 596 1231 si
614 1177 700 1248 tonpil
717 1173 816 1244 bonos,
836 1176 863 1229 si
876 1175 966 1248 plorio
983 1175 1064 1246 porti

314 1275 353 1317 sos
368 1259 499 1332 Imperii!
520 1275 575 1315 non
596 1260 648 1316 isto
668 1261 750 1333 pravi
769 1260 813 1316 ost
831 1259 911 1316 clade
931 1260 975 1315 vel
993 1259 1097 1327 mnis,

364 1346 458 1402 Gentis
480 1349 511 1399 at
530 1347 662 1401 extremis
682 1346 799 1400 inimica
818 1344 922 1400 abolete
938 1345 1041 1412 ruinis,

364 1430 415 1487 Cui
434 1443 524 1502 nequo
542 1429 675 1487 salvebis
695 1444 725 1485 se
742 1429 881 1501 infossam
898 1429 1042 1485 ostendere
1063 1429 1143 1485 inani

365 1515 514 1571 Ambitione
529 1514 597 1588 suit,
614 1515 753 1588 petulanti
771 1522 797 1570 et
816 1513 919 1571 loeders
940 1515 1033 1586 linpaa

366 1599 501 1673 Sapeque
522 1613 573 1656 ceu
595 1601 678 1656 victos
696 1599 878 1655 mendacibus
900 1599 1005 1655 addere
1020 1595 1119 1672 sarus,

315 1699 355 1743 no
370 1685 427 1741 Sed
444 1699 598 1758 propresso
618 1687 677 1741 suis
692 1686 832 1757 paulatim
854 1688 945 1740 astuta
966 1684 1074 1739 mmmm

365 1769 495 1838 Consilia,
516 1776 592 1836 arte,
614 1769 683 1825 dolis
704 1776 730 1825 et
744 1769 898 1841 proditione
919 1769 962 1826 oet
981 1784 1054 1824 auro

364 1855 490 1927 Dempsil
509 1854 544 1909 ab
563 1856 677 1928 imperia
699 1856 760 1910 loca
782 1859 819 1910 tot
834 1855 945 1926 potiora
966 1853 1017 1909 sub
1037 1852 1106 1924 s’psis

364 1938 479 2012 Alpibus
498 1940 604 2008 italico,
624 1944 706 2012 atque
725 1937 849 1996 adeundi
868 1938 977 2011 sepibus
998 1937 1072 1992 illam

364 2022 524 2080 Interclusit
543 2027 611 2086 iter:
631 2026 797 2097 erectumque
818 2024 966 2081 revolvitur
987 2037 1025 2078 ca
1045 2038 1097 2094 quo

315 2124 353 2168 ses
367 2109 490 2165 Exitiale
511 2112 602 2183 iupum
623 2112 767 2181 patiuntur
789 2114 815 2165 et
835 2108 937 2180 oppida
958 2108 1081 2163 clamant

364 2192 471 2250 Pressa
492 2193 592 2262 ‘Veni,
613 2193 723 2262 Cesar,
742 2199 789 2251 tao
807 2195 861 2249 iam
881 2193 928 2249 tibi
946 2192 1069 2248 vendicet
1085 2186 1184 2247 sosist’

365 2278 473 2335 Siccine
494 2279 620 2336 cottnoios
639 2278 778 2336 bominum
791 2280 954 2351 piperisque
973 2276 1132 2348 redemptor

366 2363 517 2432 Sordidus,
540 2364 692 2437 omnipenoe
711 2366 753 2420 sic
773 2365 865 2421 navita
886 2363 999 2430 mercis,
1022 2375 1127 2417 avarus

366 2448 484 2506 Institor
505 2450 663 2522 enonnique
683 2451 810 2505 marinus
828 2452 939 2521 pvtture
959 2460 1070 2520 msrpus

317 2549 354 2591 oso
368 2532 505 2590 Nobilium
522 2539 655 2608 rspnator
676 2536 748 2590 erit?
769 2531 951 2590 dominabitur
972 2546 1039 2604 erpo

365 2619 495 2692 Depener
514 2626 596 2692 atquc
613 2620 689 2674 omni
704 2619 798 2675 solitus
815 2618 922 2675 servire
937 2616 1057 2673 lucello?

369 2704 432 2760 Non
452 2703 521 2760 bene
543 2705 707 2762 conveniant
728 2705 787 2759 vitis
808 2709 947 2758 mercator
968 2706 996 2757 et
1014 2701 1086 2757 mem
1141 2692 1145 2701 '

367 2788 472 2859 Nobilis
488 2796 514 2845 et
531 2791 674 2861 princeps.
717 2787 795 2845 Prob
820 2788 923 2842 lumina
946 2801 1022 2842 caco
1041 2791 1196 2857 potentum!

368 2874 468 2930 Nonne
486 2874 591 2942 vident,
612 2876 735 2930 onimum
749 2890 803 2946 quo
825 2872 927 2945 diripot
947 2872 995 2927 illa
1017 2870 1167 2943 malipnum

317 2972 354 3014 sss
369 2958 475 3016 Callida
493 2974 574 3032 pens,
598 2961 646 3015 toti
664 2975 728 3032 quoe
744 2959 853 3032 aspirat
872 2963 899 3012 sl
917 2957 1037 3013 imminet
1056 2954 1129 3024 orbi,

368 3042 493 3117 Concipit
511 3050 593 3117 atque
607 3044 686 3101 aoido
707 3043 864 3099 Romanam
879 3048 995 3113 pectore
1016 3040 1133 3097 molem?

374 3128 451 3185 Unde
472 3136 514 3184 est
528 3129 704 3202 principibus
726 3128 831 3184 nunctis
851 3127 977 3194 inimica,
998 3133 1133 3199 tyravms

368 3211 442 3281 Quos
462 3219 555 3282 vocat,
577 3216 660 3288 inque
679 3215 738 3270 sois
757 3227 861 3268 secura
873 3210 1021 3284 paludibus
1039 3224 1132 3266 omnes

369 3297 504 3370 Despicit,
527 3298 605 3354 baud
617 3300 671 3356 sibi
687 3300 743 3353 iam
765 3298 911 3365 mortales,
934 3295 985 3351 sed
999 3308 1087 3367 neque
1107 3297 1204 3369 catum

301 3395 356 3439 ¹ssa
370 3382 458 3438 Posse
475 3396 577 3439 nocere
595 3391 714 3455 putans,
735 3388 863 3456 conpecto
877 3381 967 3453 [idere
987 3381 1016 3435 in
1036 3396 1108 3435 auro

368 3464 467 3537 Sueto,
489 3475 615 3524 manente
631 3468 725 3524 eadem
745 3481 907 3539 semperque
927 3472 1020 3521 tenore
1036 3476 1163 3533 suarm,

367 3549 543 3609 Incrementa
563 3552 661 3626 quibus
681 3552 819 3609 discordia
842 3565 931 3624 repud
950 3549 1068 3621 suerunt

369 3636 535 3710 Alternoque
554 3638 638 3694 ducos
659 3638 790 3694 eaboasti
805 3642 895 3691 marte
911 3634 1018 3697 Latini,-

370 3719 502 3777 Iieddidit
516 3730 542 3778 st
562 3725 618 3779 nisi
634 3738 703 3795 quos
723 3725 834 3778 iactura
852 3722 945 3776 alieno
959 3724 1096 3792 potentes,

320 3798 490 3879 too'Sempsr
510 3810 538 3863 in
560 3809 669 3864 interita
687 3823 784 3881 repom
801 3813 842 3862 est
859 3819 925 3879 spos
940 3807 1065 3860 maxima
1086 3820 1204 3877 quorum

371 3891 457 3949 Posse
473 3893 577 3966 aliquid
598 3899 669 3961 tuto,
691 3894 756 3949 dam
779 3906 900 3963 carpere
917 3897 1042 3963 mmporo
1058 3894 1188 3963 capiant,
1213 3932 1216 3937 .

237 4086 271 4123 ¹⁸⁸
288 4087 408 4156 aquilos]
426 4090 580 4156 impertales.
629 4088 660 4123 ¹⁵¹
677 4090 828 4156 probantes
840 4093 865 4140 1.
912 4085 1309 4154 inevadeoermmma·
1323 4093 1462 4159 tmpus·

168 4175 214 4225 ris.
266 4171 301 4207 ¹⁶⁸
318 4172 426 4242 dacem]
441 4175 563 4239 Gitonem,
582 4176 747 4241 inperatoris
760 4176 849 4238 fidmn.
896 4173 928 4207 ¹¹⁰
947 4175 1044 4241 grecis
1055 4173 1141 4225 Xosto
1154 4176 1179 4225 t.
1227 4173 1262 4208 ¹⁴⁰
1279 4175 1425 4245 tropheum
1436 4178 1460 4229 t.

168 4255 201 4291 ¹⁸¹
224 4257 353 4311 oulmiuio
371 4262 396 4310 1.
419 4262 590 4325 imperatoris.
662 4258 693 4292 ¹⁶¹
715 4257 847 4326 vostrum]
874 4260 1020 4325 principum
1046 4258 1198 4312 domnio.
1268 4258 1302 4295 ¹⁸⁸
1325 4260 1421 4314 luders
1437 4264 1461 4312 t.

168 4341 201 4376 ¹⁸⁹
219 4344 323 4410 Sopsqp
340 4345 366 4394 1.
434 4344 615 4395 mendacibus
634 4341 725 4410 tostis]
745 4344 898 4410 quibuslibe
919 4341 1255 4396 commansionem
1278 4360 1371 4399 mm
1393 4347 1463 4399 ιὼ-

167 4432 242 4479 aentt.
293 4427 325 4462 ¹⁷⁰
341 4426 460 4495 loannis]
473 4428 605 4494 Lopunen.
654 4427 686 4460 ¹⁷³
700 4426 825 4497 regibus]
841 4430 1020 4481 Germanorum
1032 4428 1134 4479 laona
1142 4429 1298 4494 pessuma
1345 4429 1381 4466 ¹¹⁴
1396 4430 1461 4483 soal.

168 4509 283 4578 malm]
301 4512 354 4564 Sub
371 4515 435 4564 duce
452 4514 593 4564 Franolsoo
610 4514 736 4564 l'nsoaria
754 4514 989 4566 Mediolanensibus
1004 4515 1141 4565 territoria
1156 4513 1342 4580 Ber-ponem,
1361 4516 1464 4568 Oromo-

168 4610 253 4655 nsnse,
272 4595 414 4647 Briaienss
432 4597 496 4648 bello
514 4600 670 4657 ademerunt,
690 4599 859 4651 Carmaniolae
875 4605 983 4651 manime
1000 4601 1101 4658 virtute,
1126 4615 1151 4650 a.
1164 4601 1242 4650 1426.
1253 4592 1298 4667 εᾳζ
1350 4599 1385 4635 “⁸
1400 4600 1462 4652 Exi·

84 4674 122 4702 '⁸
169 4679 282 4730 tollet.
335 4679 368 4713 ¹⁸¹
387 4685 500 4733 coest.
554 4680 587 4715 ¹⁸⁷
605 4682 729 4734 tirannos
748 4687 772 4734 t.
