3270 5354
180 409 272 448 BHM.
282 411 423 447 volumus
437 411 543 446 CYHBH
557 408 659 446 CVSAM
673 409 1067 447 nnsxvsr.nlsuou.1.vuusm
1078 411 1112 445 BT
1123 411 1365 446 clivumssucsou.
1403 381 1477 452 469

522 562 811 615 EXPOSTVLATIO
831 565 912 616 CVM
927 563 1138 615 ALEANDRO.

268 689 329 744 Iam
353 703 418 744 aero
437 694 465 742 le
482 687 667 758 appellamus,
687 687 827 741 Alecinder
843 688 956 757 Apella,
979 693 1111 760 quotquot
1125 704 1220 744 sumus
1235 691 1368 761 euanpelii
1380 689 1482 746 Clsn'sli

181 777 359 840 adsertores,
382 789 435 828 cur
450 779 497 839 lu,
516 772 647 843 supiliue,
664 773 802 826 derelictis
813 775 917 826 castris
933 775 987 826 tuis
996 775 1165 843 proditurus
1179 773 1335 829 libertatem
1350 781 1477 829 nostram

181 861 220 915 ad
240 875 292 914 nos
313 858 486 931 corisupislii'
520 873 572 911 cur
593 862 623 911 tn
645 871 728 911 sacro
750 863 932 928 reperieralus
951 857 1066 927 flumine
1088 864 1190 912 sancta
1212 865 1312 913 nostra
1332 860 1432 930 polluis
1449 867 1478 915 el

156 946 289 1000 srsuelas
311 944 446 1016 mysteria
468 941 591 996 uastitas
610 947 852 996 sacramentorum
876 941 997 997 Claristil
1019 958 1071 996 cnr
1094 948 1124 996 lu
1144 944 1262 997 desertis
1284 946 1415 1014 apostolis
1435 946 1481 1000 dei

180 1030 323 1085 consilium
344 1030 396 1083 inis
413 1042 474 1082 enm
491 1027 699 1098 mapislratilius
721 1031 748 1081 et
766 1025 940 1096 principibus
962 1028 1140 1081 sacerdotum
1162 1028 1196 1081 de
1206 1028 1384 1100 praslipanda
1398 1029 1480 1085 uerbo

180 1115 244 1169 dci?
272 1112 335 1168 Hoc
356 1127 420 1168 aera
441 1118 473 1166 ul
492 1110 623 1183 luceres,
652 1111 790 1182 quodnam
814 1111 862 1165 till
877 1113 1005 1181 precium
1026 1116 1230 1167 constituerunt
1257 1112 1419 1168 cardinales
1440 1115 1481 1169 illi

180 1216 245 1254 curn
266 1214 318 1254 suo
341 1196 544 1252 sanctissima?
566 1200 620 1250 aul
640 1212 693 1267 quo
716 1201 746 1251 lu
761 1196 820 1250 illos
832 1196 933 1267 paudio
948 1195 1107 1268 afficiebas,
1129 1213 1191 1251 cutm
1208 1202 1239 1252 tu
1255 1212 1270 1252 e
1289 1198 1379 1252 media
1395 1198 1478 1254 turba

181 1284 257 1340 uelut
278 1284 354 1338 aller
376 1280 465 1337 ludas
487 1281 649 1337 Scariothes
667 1281 856 1351 scelerumque
877 1283 1011 1352 mapister
1029 1281 1207 1352 prosiliebas,
1241 1297 1306 1337 uoce
1328 1282 1478 1355 plusquam

151 1369 320 1440 losacrilepa
341 1368 505 1423 exclamans
529 1365 613 1433 ‘Quid
635 1365 717 1420 uultis
743 1364 809 1420 milti
829 1367 913 1432 dare,
942 1372 970 1421 el
991 1381 1039 1438 epo
1061 1366 1133 1421 volis
1153 1382 1216 1421 eum
1238 1362 1386 1422 tradaml'
1414 1367 1481 1424 Hac

181 1458 213 1509 lu
227 1453 263 1507 de
276 1467 378 1508 caussa
393 1466 409 1506 e
423 1449 521 1507 ludoea
537 1449 716 1505 Christianus
729 1449 827 1521 faetus
841 1465 878 1516 es,
895 1440 956 1505 ule
972 1450 1129 1507 Claristiana
1147 1452 1258 1507 tandem
1272 1453 1351 1524 lanpe
1368 1456 1480 1524 turpius

181 1539 277 1610 turpis
293 1539 367 1593 lucri
384 1538 480 1609 pratia
502 1538 530 1591 in
546 1534 718 1590 Iudaismum
739 1536 813 1589 uelut
834 1535 873 1589 ad
893 1538 1022 1591 uaniitum
1040 1536 1199 1592 recideresl
1219 1536 1332 1593 hoccine
1350 1553 1479 1610 mapnum

181 1624 238 1680 crit
265 1622 422 1693 exemplum
446 1620 549 1676 Iudicis
569 1622 682 1676 caeteris
703 1621 874 1692 orrusiendoe
897 1621 1065 1677 Christianae
1084 1622 1164 1693 fidei,
1198 1636 1260 1676 cum
1284 1627 1364 1677 lanta
1382 1625 1479 1694 precia

181 1707 302 1764 conduci
330 1707 449 1762 uiderint
480 1706 648 1763 Clsristianoe
678 1706 744 1776 lepis
765 1706 1002 1760 calumniatores?
1037 1705 1092 1760 lac
1113 1707 1148 1761 de
1168 1721 1272 1761 caussa
1294 1723 1430 1763 ornavere
1452 1712 1480 1763 te

150 1793 292 1850 isGratioe
313 1797 355 1847 lot
378 1792 493 1863 linpuis,
514 1796 554 1845 tal
576 1793 641 1845 item
663 1791 769 1857 literis,
792 1796 823 1844 ut
844 1791 980 1846 lominum
1000 1793 1134 1858 omnium,
1154 1793 1203 1864 qui
1218 1806 1297 1862 pane
1318 1799 1477 1862 vescuntur,

180 1878 388 1951 inpralissimus
410 1877 494 1948 lepens
511 1874 661 1931 constitu
680 1880 877 1946 oppupnares?
896 1875 1131 1946 simplicissimum
1146 1881 1189 1931 est
1203 1875 1381 1949 Evanpelium
1398 1876 1477 1933 Glori-

180 1964 235 2031 sti,
257 1962 458 2034 sinpllcnslma
480 1965 522 2016 est
544 1960 674 2015 doctrina
689 1961 902 2031 Apostolorum,
925 1974 989 2015 vere
1010 1962 1129 2032 simplex
1150 1967 1179 2017 ct
1193 1961 1314 2016 candida
1329 1967 1395 2017 erat
1415 1962 1478 2017 olim

180 2063 220 2104 ex
243 2052 301 2102 tam
321 2046 489 2118 simplicibus
510 2047 664 2116 praeceptis
684 2045 814 2098 instituta
837 2045 972 2100 Ecclesia.
1006 2045 1090 2101 Hanc
1112 2052 1157 2114 tu,
1182 2047 1355 2118 [lapillorum
1373 2049 1478 2114 messis,

180 2132 328 2187 sceleratus
348 2130 527 2187 obscuratam
549 2129 652 2202 lepidus
673 2133 702 2185 cl
722 2129 851 2200 turpilius
865 2132 1003 2185 inversam
1019 2131 1260 2187 cartslitulionilus
1277 2135 1478 2204 remerpenlem

151 2216 262 2272 comodo
276 2217 419 2285 moraris,
430 2214 603 2288 perturbas,
625 2215 766 2285 opprimis.
790 2213 858 2269 loeus
875 2220 918 2279 tu,
943 2216 1096 2287 Aleander,
1119 2216 1213 2271 desine
1234 2232 1400 2289 oppupnare
1419 2217 1477 2288 plo·

182 2304 256 2358 riam
278 2300 397 2368 Cltrisli,
425 2302 506 2356 cilices
529 2304 560 2354 tu
582 2299 765 2370 defendendae
785 2301 880 2371 pratia
902 2303 1067 2372 sanquinem
1090 2307 1167 2357 tuum
1188 2301 1334 2373 effundere
1352 2306 1479 2373 paratus

182 2401 243 2442 esse
264 2385 387 2441 debuisti.
410 2385 513 2458 quodni
532 2399 624 2440 cesses
644 2386 759 2452 sarire,
781 2384 907 2457 laqueum
924 2386 1091 2457 parabimus
1113 2384 1177 2454 tili,
1207 2402 1260 2459 quo
1284 2392 1343 2443 tute
1367 2386 1478 2444 tandem

184 2473 321 2543 teipsum
342 2472 465 2543 lupellus:
484 2471 624 2542 pendulus
645 2485 660 2525 e
678 2484 801 2540 procera
823 2484 928 2541 quercu
951 2474 1082 2543 resipisce
1102 2477 1128 2528 et
1148 2470 1326 2544 postmodum
1347 2474 1423 2530 ualet

183 2688 301 2755 triginta
323 2687 475 2738 carminum
493 2687 623 2751 mysteria
642 2702 697 2736 non
714 2692 807 2737 vacat.
832 2704 889 2753 quoe
911 2688 989 2738 verba
1006 2704 1041 2739 eac
1063 2690 1142 2753 r'psius
1163 2689 1282 2739 carminis
1303 2704 1417 2739 uersuum
1434 2706 1479 2739 nn·

183 2789 252 2825 tuem
269 2775 403 2840 ultimoque
420 2773 528 2823 disticho
546 2773 718 2837 explicantur.

251 2859 320 2909 Hacc
337 2856 522 2924 expostulatio
539 2858 566 2907 in
584 2861 607 2908 1.
621 2861 647 2906 el
665 2861 693 2904 G.
706 2871 756 2905 non
773 2857 874 2920 lepllur.
927 2853 938 2888 ⁴
957 2855 1480 2910 Cf.Provcrb.XX.19.Ecolssisstici

185 2942 298 2995 XXVII.
311 2942 354 2992 24.
408 2940 430 2975 ¹⁵
448 2941 492 2993 Cf.
504 2941 559 2992 vol.
573 2941 610 2992 11.
624 2957 650 3006 p.
666 2940 707 2991 lo.
721 2942 745 3002 §-
759 2939 800 2992 32.
