3270 5354
523 372 656 408 uvn0v101
669 371 787 406 RELIAUI
801 371 923 406 vadeno
936 369 1057 406 ΒΒΟῊΙ.

349 533 488 598 cerami,
511 529 669 600 Aethiopes,
690 526 880 585 Mamalncchi
899 526 1115 602 Ionnizarique,

435 615 532 673 Omnia
546 615 677 687 pnrqaoit
699 615 790 668 littora
806 614 958 684 prodsqiis;

349 702 443 775 Hique
464 704 613 756 venenatos
635 700 773 770 liquerunt
794 697 932 766 Phasidos
948 697 1055 767 undu,

312 805 337 848 si
438 785 486 841 Illi
505 785 627 839 Niliacos
645 782 792 838 deseruere
812 785 906 844 sinus,-
945 808 950 836 ι

352 873 413 928 Νοη
436 871 536 926 absunt
555 867 639 940 Lydi,
663 865 846 938 Strophades,
869 883 923 921 nan
949 864 1041 937 Surus
1064 866 1195 935 Orontes,

437 955 494 1011 Nec
512 967 596 1025 qens,
616 953 701 1023 pleno
720 953 802 1019 odis’s,
826 952 949 1020 Punica,
968 950 1088 1023 froude,
1112 952 1197 1013 datis,-

351 1042 471 1107 Piratoe‚
488 1037 619 1111 prosnqi,
642 1036 766 1090 damnati
782 1036 980 1108 sacrileqique,

313 1141 338 1183 so
438 1123 575 1189 Mendici,
598 1123 685 1188 mimi,
706 1120 785 1175 turba
806 1120 931 1192 nefanda
954 1123 1056 1181 mori's;

352 1211 476 1282 Denique
494 1207 653 1261 criminibus
673 1207 778 1260 cunctis
797 1204 930 1276 patefecit
950 1207 1074 1277 asylum,-

438 1293 509 1349 Hoee
531 1299 646 1363 stoque,
668 1289 718 1344 hos
737 1295 836 1357 cestus,
859 1289 911 1345 has
925 1292 1030 1361 petiere
1049 1305 1147 1352 casas,-

354 1381 499 1439 Golluoiem
517 1381 542 1431 et
562 1375 650 1448 [seces
671 1375 810 1430 hominurn
832 1375 936 1446 collsqit
955 1375 984 1429 in
1007 1391 1107 1443 union,

315 1483 341 1524 n
440 1463 476 1518 Et
496 1467 560 1534 quot
578 1465 660 1514 erant
677 1459 812 1527 homines,
835 1464 872 1515 tot
892 1459 965 1514 dedit
982 1474 1042 1514 esse
1061 1460 1155 1532 seras,

355 1550 393 1605 Et
412 1548 507 1620 diqitos
528 1551 625 1600 teretes
645 1543 747 1616 riqidos
766 1546 890 1600 curoaoit
910 1546 937 1598 in
959 1560 1079 1616 unques,

445 1632 478 1688 Ut
490 1635 605 1704 possent
622 1642 725 1701 rapere
747 1635 773 1683 et
793 1635 876 1700 rapta
900 1634 992 1683 teum
1012 1628 1075 1688 otor

356 1718 477 1775 Gutturis
495 1717 597 1788 inqenti
616 1712 778 1768 barathrum
797 1712 931 1785 patefecit
950 1712 1040 1781 hiatu,

317 1820 342 1861 u
442 1801 592 1873 lnqlnoicm
608 1806 704 1870 posset
721 1799 796 1869 quod
813 1800 919 1853 sedare
937 1797 1020 1857 nihils

356 1889 430 1945 Neve
444 1885 649 1958 propinquaret
666 1897 721 1938 neu
743 1885 805 1954 quis
820 1890 978 1953 superesset
997 1884 1118 1951 amicus,

443 1971 601 2043 Spirantern
621 1970 744 2041 qraoiter
764 1969 842 2023 iussit
859 1969 934 2022 olere
953 1969 1090 2022 annnam:

356 2058 419 2113 Non
440 2059 521 2121 satis,
544 2053 666 2125 alipedes
688 2052 810 2108 humeris
831 2065 939 2124 quoque
959 2053 1147 2117 nexuimus,

318 2160 345 2202 us
450 2141 483 2196 Ut
499 2141 632 2211 peloqus,
653 2144 772 2207 montes,
792 2142 823 2191 nt
842 2151 929 2209 snper
951 2143 1028 2192 astro
1051 2139 1152 2198 volent:

358 2226 452 2283 iratas
470 2224 539 2297 fecit
561 2223 649 2278 vultus
667 2228 809 2295 toruosque
829 2222 934 2289 leones,

444 2308 598 2365 Horribilrs
617 2309 691 2373 meu,
715 2306 903 2378 terribilesque
922 2321 998 2363 sono.

357 2395 411 2451 liis
430 2394 526 2467 furiis,
550 2392 751 2447 hesternensis
771 2393 826 2446 iam
843 2392 915 2446 mitte
930 2407 984 2462 per
1005 2407 1094 2448 annos

320 2496 346 2538 sn
445 2479 503 2534 llos
524 2478 591 2556 deus
612 2482 639 2532 et
658 2483 766 2532 nostros
787 2478 958 2531 excruciavit
976 2491 1051 2532 oros.

359 2564 477 2620 Fallitur
497 2561 549 2618 hoc
569 2564 617 2633 qni
636 2576 679 2617 me
701 2562 863 2616 maledicere
883 2563 1006 2616 carmine
1027 2560 1126 2628 eredit,

444 2648 540 2703 Reddo
557 2649 702 2702 lacessitus
719 2646 891 2718 damnaque,
912 2646 997 2702 reddo
1017 2647 1103 2703 vices:
1170 2656 1173 2662 ·

360 2734 504 2791 leserunt
518 2734 600 2796 alias,
621 2746 664 2787 me
681 2732 855 2803 dirripuerm
875 2730 926 2786 sed
942 2732 1015 2787 ultor

320 2835 346 2877 os
444 2817 573 2874 Carmine
595 2816 664 2872 bella
683 2830 765 2889 pero,
788 2815 854 2871 Rea
874 2829 949 2873 meus
970 2830 1035 2871 ense
1053 2819 1132 2889 qerit.

360 2904 432 2961 Iura
453 2902 556 2958 dabant
574 2904 663 2974 iqnern
684 2916 722 2956 ex
744 2900 821 2973 socie
841 2900 997 2972 rabiemque
1018 2908 1167 2970 vomentes,

445 2986 499 3043 Hic
520 2986 635 3058 infamis
655 3000 736 3053 eros,
758 2984 905 3047 Barthole,
927 2992 1025 3041 sancte
1045 2987 1120 3042 aliis:

361 3071 496 3146 Quicquid
516 3078 578 3126 erat
595 3070 710 3142 pulchri
728 3069 849 3125 subiecto
864 3084 921 3142 per
939 3070 1040 3142 oppida
1060 3071 1187 3143 adusque

323 3175 349 3217 so
457 3156 611 3212 Verrebant
630 3155 711 3211 arida
732 3154 794 3210 silio
812 3169 887 3210 saxa
908 3171 1008 3213 monn:

362 3242 442 3312 Quod
461 3242 596 3314 reliquum
612 3240 710 3313 sumat
725 3239 811 3294 catuli
824 3239 953 3312 soetoeque
973 3241 1068 3295 leoenae

453 3326 622 3395 Versabunt,
641 3325 811 3398 famulosque
828 3331 854 3379 et
872 3327 951 3396 niqer
968 3338 1017 3380 ore
1032 3324 1159 3387 Charon,-

360 3411 538 3468 Domnobant
557 3413 630 3468 ciues
650 3412 745 3481 aliqua
765 3409 816 3464 sub
838 3411 961 3464 criminis
981 3408 1093 3479 umbra,

323 3516 349 3556 oo
448 3495 504 3552 Sed
520 3509 657 3569 proceres
678 3495 736 3550 soto
757 3493 809 3548 hoc
828 3495 937 3548 nomine
957 3496 1061 3549 crimen
1083 3502 1178 3551 erant:

365 3581 519 3637 Terrebant
534 3582 592 3636 aleo
613 3581 728 3635 miseros
744 3577 860 3650 serrooe
881 3579 997 3649 colenti;

446 3665 503 3721 Iste
524 3681 650 3733 monum,
669 3663 714 3719 hic
736 3664 828 3719 oculas
844 3663 981 3735 perdidit,
999 3664 1044 3720 ille
1066 3670 1158 3738 ceput.

364 3749 522 3806 Stridebont
540 3751 639 3822 populi
656 3756 683 3806 et
698 3751 778 3803 tacite
798 3763 850 3804 suo
871 3749 974 3803 damna
995 3749 1150 3822 qemebont,

327 3853 353 3894 os
458 3835 491 3892 Ut
510 3835 626 3891 strident
647 3833 749 3907 Styqioe
769 3832 819 3888 snb
840 3832 1055 3890 Rhadamantho
1077 3837 1185 3892 anima.

364 3921 496 3995 Appetlos
517 3921 600 3976 lcesus
621 3920 738 3993 rs'qs'durn
758 3924 939 3990 sanctumque
957 3926 1099 3975 semotum:

449 4005 591 4072 Herodes,
615 4002 758 4078 cayphas,
781 4004 877 4072 Ληηα,
900 4001 1007 4058 Pilatus
1030 4011 1119 4060 mont.

229 4203 252 4237 ⁸⁸
269 4205 398 4256 Hiliscos
417 4209 441 4257 1.
504 4201 526 4238 ⁸⁸
544 4206 674 4270 Pyrrstq:
694 4207 718 4254 1.
782 4199 805 4236 ⁸⁷
823 4203 943 4255 miminis
964 4207 987 4253 t.
1051 4200 1074 4234 ⁸⁸
1090 4201 1222 4269 Alyllum.
1242 4207 1267 4254 t.
1332 4203 1356 4237 ⁸⁸
1374 4206 1451 4257 bers·

162 4295 235 4342 trum
253 4293 278 4340 t.
336 4287 529 4342 “essisset
587 4286 609 4320 ⁸⁸
626 4288 785 4339 Ludovicus
803 4287 865 4337 XII.
923 4285 944 4320 ⁸⁸
962 4288 1016 4338 Hie
1032 4290 1089 4337 iuro
1106 4302 1156 4338 nors
1174 4287 1352 4340 observantior.
1388 4291 1451 4341 Ber·

163 4372 250 4440 thole]
275 4377 313 4427 ci.
326 4374 460 4441 rol.1.p.
475 4373 532 4425 177.
546 4373 580 4423 ad
597 4389 624 4424 v.
637 4373 663 4425 b.
732 4372 755 4406 ⁸⁰
777 4372 919 4423 Verebsnt
938 4375 961 4421 t.
1031 4370 1053 4405 ⁸¹
1076 4373 1187 4439 iqtqque
1205 4376 1229 4424 1.
1300 4373 1323 4407 ⁸⁸
1346 4374 1453 4426 Rhode·

163 4464 257 4511 monto
275 4464 299 4511 1.
368 4459 392 4493 ⁸⁸
408 4459 534 4511 Herodes
553 4459 671 4524 Antipss
690 4457 737 4522 qui
755 4457 887 4515 Ioannem
905 4456 1057 4508 decollavit
1074 4455 1240 4523 Christoque
1259 4457 1372 4509 docenti
1390 4458 1453 4509 insi·

164 4543 257 4596 dutus
275 4549 326 4595 est.
362 4545 500 4612 caiphas,
519 4544 645 4612 pontifex
663 4541 769 4594 Christi
787 4547 902 4594 mortem
920 4541 1000 4592 falsis
1019 4542 1138 4594 testibus
1161 4544 1339 4608 provocavit3
1362 4544 1454 4593 Αιιιιιι

165 4642 227 4679 sun
244 4626 353 4694 Gnipho
370 4630 544 4682 secerdotum
562 4629 690 4695 princeps
708 4627 754 4694 qui
778 4627 813 4677 sd
835 4627 908 4678 huna
926 4624 1065 4678 Christum
1088 4626 1206 4693 ligatum
1228 4626 1317 4689 misit3
1343 4628 1454 4679 Pontius

166 4709 275 4763 Pilatus
292 4717 456 4778 procuratos
472 4713 574 4765 Iudssae
593 4715 640 4779 qui
659 4713 797 4766 Christum
817 4711 893 4764 cruci
911 4710 1047 4778 figendum
1066 4709 1217 4762 damnavit.
1321 4717 1326 4731 ⁸
