3270 5354
153 365 329 403 turtum
342 364 446 401 nrzeur
460 362 619 400 rnrvurnvs
632 361 769 398 nocronrs
784 362 926 400 aaronem
941 363 1029 400 stoa.
1038 365 1189 402 carmonis
1202 367 1355 405 encomou.
1376 339 1449 409 423

360 517 516 580 stultitiam
538 517 727 578 immodicam
750 517 795 578 vei
818 517 897 597 quod
920 536 952 579 se
974 519 1096 580 audacia
1119 527 1233 582 tantum

307 641 347 684 tao
361 619 522 687 Extuierit,
546 618 591 681 vei
614 619 708 698 quod,
733 621 780 680 cui
804 627 897 681 totum
920 620 1031 681 insania
1054 630 1158 701 pectus

359 721 526 791 Possideat,
549 729 631 782 recte
653 738 758 799 sapere
781 728 864 783 etse
887 721 986 784 dicere
1009 723 1128 785 credat:

360 825 538 886 Persuasum
561 832 659 884 minen
682 829 726 884 est
747 821 803 884 iilis
825 843 890 885 sese
912 827 1009 886 omnia
1033 826 1111 885 solos

360 925 489 987 Cernere
512 925 582 1003 quid
604 942 725 994 verum,
749 925 817 1004 quid
841 925 961 995 salsum,
985 927 1054 1004 quid
1078 928 1115 988 sit
1137 929 1286 1006 iniquum,

359 1028 451 1107 idque
472 1029 511 1088 ita
535 1044 594 1087 non
618 1026 720 1087 Phoebi
744 1026 875 1105 tripodas
896 1027 1027 1108 Deioque
1050 1029 1173 1106 petitum

307 1151 345 1192 aaa
359 1129 559 1208 Respondisse
582 1129 670 1190 deum
692 1128 913 1208 nouonaeasque
936 1129 1093 1201 volucrem,

359 1231 502 1310 Corniger
525 1238 554 1292 et
575 1230 671 1310 siquid
695 1230 811 1310 Libycis
833 1232 863 1290 iu
885 1231 1015 1310 syrtibus
1037 1232 1181 1294 Hammon

358 1332 515 1394 Rettulerit
537 1332 640 1412 vapido
663 1331 700 1392 de
722 1331 784 1393 soie
808 1330 970 1394 calentibus
992 1333 1083 1404 diris,

360 1435 463 1498 Omnia
487 1451 554 1496 vera
577 1435 689 1495 minus:
713 1433 765 1494 sed
788 1436 887 1494 nescio
910 1434 979 1513 quid
1003 1436 1072 1496 mibi
1096 1436 1215 1498 tandem

358 1537 527 1607 Succurrit,
551 1555 621 1598 reor
644 1535 701 1596 boc
723 1538 819 1614 ipsos,
843 1534 894 1597 ubi
916 1538 1041 1615 pessima
1064 1539 1179 1606 dicunt,
1319 1537 1447 1615 ,ἷιῗξξξξξζῃ

306 1639 424 1701 aaoNon
448 1640 577 1706 nescire,
602 1638 653 1698 sed
678 1639 823 1698 exanimi
847 1640 1025 1701 contendere
1048 1644 1141 1702 auoci

312 1730 314 1734 ἱ
358 1741 509 1821 Nequitia,
533 1747 566 1800 ut
588 1747 701 1800 rectum
725 1747 840 1800 vertant
862 1741 1028 1819 iterumque
1051 1749 1209 1804 revertant.

359 1843 445 1905 Certe
467 1843 513 1904 bis
535 1843 666 1903 innatum
688 1848 733 1902 est
754 1840 851 1901 scelus
874 1841 930 1901 boc
953 1850 1115 1923 naturaque
1137 1846 1265 1924 primum

360 1945 483 2014 inserit,
507 1946 585 2005 vires
607 1943 695 2022 pauiu
718 1952 784 2022 post
807 1943 910 2003 indidit
932 1963 1003 2005 usus

358 2046 538 2125 Roboraque
559 2046 682 2107 incussit
703 2045 794 2105 radici
818 2063 976 2124 acremque
999 2051 1129 2126 vigorem

306 2169 345 2211 aas
360 2146 405 2210 Nil
428 2148 537 2209 timidis
559 2146 656 2208 scelus
678 2148 707 2207 iu
731 2148 853 2226 ‹pirodvis
875 2149 1039 2229 genitisque
1063 2168 1188 2211 nocere:

358 2250 510 2330 Tanquam
533 2250 595 2309 baee
618 2267 686 2312 cum
708 2252 824 2328 superis
847 2249 974 2310 habeant
996 2255 1165 2313 commertia
1189 2253 1262 2313 divis

359 2351 584 2431 Obstrictosque
607 2351 678 2413 deos
700 2353 730 2411 iu
754 2359 818 2411 vota
842 2352 952 2413 notaria
976 2356 1086 2432 possint

359 2454 487 2533 Cogere,
512 2471 579 2515 curn
602 2453 717 2532 placent
740 2453 782 2513 cei
806 2472 873 2515 cum
896 2474 948 2515 sua
972 2456 1034 2517 dira
1057 2455 1148 2517 iibido

357 2556 554 2635 Immanisque
576 2554 643 2615 volit
665 2555 739 2615 livor
760 2565 933 2634 mentesque
956 2558 1092 2638 superbae

306 2679 345 2722 aro
358 2658 417 2720 Per
439 2658 483 2718 ias
504 2675 617 2737 perque
640 2656 723 2717 nefas
745 2676 850 2736 gerere
872 2663 984 2727 omnia.
1008 2662 1107 2721 dicere
1130 2679 1307 2739 rursumque

360 2760 476 2821 inficias
497 2758 574 2819 dicta
596 2761 656 2829 ire,
680 2760 762 2838 prius
785 2760 920 2822 contessa
942 2779 1066 2840 negare,

359 2862 516 2940 Nunquam
538 2868 617 2923 stare
632 2863 721 2922 animi
744 2861 880 2921 decreto:
904 2880 963 2922 nou
988 2865 1025 2924 ita
1049 2864 1173 2925 Proteus

359 2963 451 3025 Vertit
472 2981 505 3024 se
527 2964 556 3023 in
581 2965 673 3024 varius
695 2965 809 3041 species
832 2972 860 3022 et
882 2964 994 3024 vinciris
1018 2964 1091 3025 ludit

357 3067 547 3146 Captantum,
571 3065 671 3144 quirites
694 3066 788 3126 uodos
811 3065 889 3126 iraud
912 3068 991 3126 novit
1014 3066 1104 3127 ecrndi

306 3191 345 3232 au
359 3168 392 3228 ln
414 3168 503 3228 iacies
525 3166 685 3228 multorum
709 3168 860 3229 bominum
883 3167 1062 3230 Vertumnus
1084 3177 1113 3229 et
1135 3187 1196 3228 ora.

358 3268 476 3330 Artibus
498 3269 544 3330 bis
567 3286 695 3348 pugnam
719 3269 909 3331 miscentibus
932 3270 1034 3331 obvius
1056 3278 1130 3331 astat
1313 3268 1441 3352 mim„

358 3371 516 3433 Nestoret
538 3371 683 3451 intrepido
706 3371 803 3433 iatuos
825 3379 904 3432 secat
926 3390 978 3432 ore
1000 3371 1161 3451 malignos,

357 3472 528 3553 Emittitque
550 3473 656 3543 iibros,
680 3473 797 3535 mordet
818 3474 985 3554 ieceratque
1008 3484 1167 3554 necetque,

360 3574 487 3644 Occidit,
511 3575 579 3637 tacit
601 3576 726 3638 iniamus
747 3576 913 3655 subigitque
937 3584 1052 3643 tacere,

306 3697 345 3738 aso
360 3677 522 3740 dinumerat
544 3677 657 3738 scelera
680 3686 709 3739 et
731 3695 844 3745 mores;
868 3697 923 3757 pro
945 3680 1087 3748 numina,
1112 3681 1227 3760 quantis

359 3779 478 3842 Viribus
499 3781 619 3857 ignotus
640 3782 724 3859 prius
747 3786 775 3840 et
798 3779 838 3839 nil
862 3780 919 3842 tate
942 3788 1061 3860 putatus

359 3883 449 3943 Posse
471 3881 550 3943 dedit
572 3882 750 3943 documenta
772 3883 831 3951 sui,
856 3891 1040 3962 quantusque
1063 3884 1171 3962 petitus

359 3984 392 4044 in
414 3982 550 4064 clypeum
573 3990 689 4061 surgat,
714 3991 904 4045 monumento
927 3985 1064 4063 apparuit
1086 4002 1154 4044 uno.

359 4084 435 4146 Tum
457 4085 585 4147 fremere
608 4092 695 4164 atque
718 4086 793 4145 iutra
817 4087 881 4146 irati
904 4105 935 4146 se
959 4103 1098 4163 rumpere
1121 4085 1254 4149 Fratres.

306 4207 345 4246 aas
359 4186 411 4249 iiie
434 4185 568 4248 exultare
590 4193 619 4247 et
640 4186 769 4265 palmam
791 4192 938 4249 ostentare
962 4194 1120 4254 retentam,

221 4374 256 4409 ²¹⁰
275 4374 427 4425 audatia2.
462 4370 495 4405 ²²⁴
509 4372 550 4424 cf.
564 4373 658 4439 Epigr.
673 4373 794 4426 udbiax.
809 4370 859 4426 18¹.
899 4370 933 4405 '²⁵
950 4373 1126 4437 Dodoncesq.
1145 4374 1206 4422 edd.
1246 4369 1281 4403 ²³⁰
1293 4372 1413 4422 examini
1426 4378 1450 4423 5.

155 4457 387 4510 ”⁸1nsaeuitedd.
422 4455 456 4490 ²⁸⁵
468 4456 537 4507 nibil
550 4458 679 4510 timentes
693 4463 721 4508 ot
733 4459 762 4507 iu
775 4458 890 4523 quodvis
902 4456 993 4508 scelus
1007 4458 1117 4522 genitis.
1147 4456 1181 4490 ²⁸⁶
1197 4457 1363 4508 commercia
1377 4461 1450 4509 3...7.

155 4542 188 4577 Μ
200 4544 337 4595 Protheus
349 4545 409 4595 edd.
427 4544 470 4593 De
484 4542 584 4594 Proteo
603 4543 639 4594 ci.
652 4543 730 4608 impr.
745 4542 815 4593 Ouid.
828 4542 971 4594 metvili.
980 4540 1102 4606 rsoaqq.
1154 4539 1188 4574 ²⁴⁴
1200 4541 1347 4607 pluresque
1364 4541 1450 4592 nodos

158 4629 215 4680 edd
233 4630 390 4680 redemisse
409 4643 462 4693 que
475 4643 563 4677 versiae
581 4630 631 4677 erit
648 4635 675 4677 ut
693 4634 784 4677 auctor
800 4628 912 4691 scripsit.
969 4624 1003 4656 ¹¹⁵
1022 4629 1063 4678 De
1083 4627 1231 4677 Vertumno
1250 4626 1285 4677 ci.
1299 4625 1369 4676 Ouid.
1384 4629 1448 4676 met.

156 4712 246 4765 11111.
259 4711 385 4778 oneum.
430 4710 464 4745 ²⁵¹
477 4719 506 4755 η·
526 4713 561 4765 ci.
578 4713 715 4778 Verp.XI.
728 4711 838 4777 284.sq.
891 4709 925 4742 ²⁵³
943 4709 1071 4778 monum]
1086 4711 1218 4763 ideurbtina
1236 4711 1432 4776 Aupeaapiepat.
