3270 5354
161 344 234 414 424
256 373 429 409 nhutt'ruuull
444 372 546 407 nunniti
560 370 721 408 ‘rnlvuruvs
735 370 873 406 bocconis
887 369 1028 405 uttvcltmt
1042 370 1289 407 &macerrimum
1301 373 1439 410 siccentur.

363 527 463 588 iudice
486 545 545 586 non
568 526 701 594 modico,
725 527 772 586 eui
795 543 854 585 nou
877 526 1021 586 sententia
1045 542 1180 605 praeceps

365 628 494 697 Excidit,
519 646 641 690 assensu
664 630 740 688 vires
762 628 917 689 Germania
941 625 1006 687 letae

364 730 482 791 ,addim
504 737 533 790 ct
555 732 631 790 mim
653 731 834 808 Capnienem
858 731 952 790 evexit
973 728 1102 800 honore,

365 832 486 910 lemque
509 831 701 910 triumphales
723 830 806 892 iubet
828 830 1016 891 introducere
1040 849 1155 892 currus.

313 955 351 993 em
408 934 491 994 llieet
513 932 561 1003 lo,
585 935 610 993 si
631 951 663 992 se
686 933 765 992 rrovit
787 933 959 1001 Germania,
983 933 1077 1002 dicet,

365 1035 498 1113 Toteque
520 1035 550 1093 in
573 1052 729 1095 occursum
753 1035 894 1113 Cepuioni
917 1036 1008 1096 ellusa
1032 1033 1180 1114 frequenti

366 1137 499 1214 Excipiet
521 1134 624 1214 plausu
648 1138 791 1197 victorem
814 1144 843 1196 et
864 1135 928 1196 laete
952 1136 1074 1198 salutet:

366 1239 437 1299 Tam
461 1237 558 1298 bonus
581 1239 685 1299 etrite
709 1248 767 1297 tam
791 1238 882 1315 irngi,
905 1244 1005 1299 rectus
1028 1238 1063 1298 ed
1087 1255 1232 1317 unguem,

367 1342 449 1402 Unus
471 1340 560 1401 homo
582 1341 650 1400 vicit
671 1345 714 1399 tot
736 1338 840 1400 millia:
864 1339 965 1407 dicite,
991 1340 1123 1408 Fratres,
1321 1339 1438 1416 impl&

315 1466 353 1504 ees
370 1441 452 1503 Unde
475 1450 520 1503 est
542 1449 690 1502 tantarum
713 1441 796 1502 vobis
819 1442 972 1519 prudentia
996 1460 1140 1512 rerum,·

368 1544 438 1615 Quae
461 1545 527 1622 quis
550 1562 617 1603 vera
640 1544 725 1610 solat,
750 1545 864 1604 nescire
888 1551 920 1603 nt
942 1550 1078 1622 oporteat
1100 1543 1197 1613 illum,

367 1644 452 1705 lrrite
474 1645 499 1705 si
522 1644 603 1705 vohis
626 1646 793 1706 rideantur?
816 1664 853 1706 en
876 1648 984 1724 impius
1006 1648 1116 1716 omnis,

321 1764 325 1769 ·
368 1747 424 1818 Qui
446 1764 504 1805 non
529 1753 574 1806 est
595 1749 700 1817 vestri,
724 1747 837 1808 dicetur
866 1766 979 1816 sermo,
1002 1747 1127 1808 cuculli?

367 1849 410 1908 ,ln
434 1850 590 1927 quiequam
615 1850 760 1927 estquod
783 1868 834 1911 ros
857 1868 958 1910 rerum
981 1856 1069 1927 atque
1092 1868 1215 1911 necesse
1237 1852 1351 1916 sciatis,

316 1973 355 2011 em
371 1949 511 2029 lauriger
533 1952 651 2029 ignoret
673 1953 818 2029 capnion,
843 1953 898 2012 nisi
920 1950 957 2012 de
979 1950 1069 2012 scobe
1090 1953 1116 2011 si
1138 1953 1210 2030 qnid

369 2052 530 2131 Scriptnree
553 2051 679 2132 legitur?
701 2060 805 2113 vestrm
828 2061 922 2123 artes,
946 2053 1036 2113 indita
1059 2054 1165 2113 vestris

369 2153 526 2232 Disciplina
548 2155 667 2222 animis,
692 2174 778 2235 quam
802 2173 858 2216 nec
880 2157 997 2216 nescire
1017 2154 1191 2233 pudendum
1214 2163 1258 2216 est

370 2255 430 2316 Nee
453 2257 529 2317 scire
553 2258 713 2333 iirgenuum
737 2257 925 2336 relegendis
948 2254 1017 2317 utile
1040 2255 1150 2317 rebus?

370 2355 441 2426 Qum
463 2376 513 2416 vos
537 2358 713 2420 Eumenides
735 2361 823 2436 igitur
845 2358 890 2421 vel
913 2361 962 2438 qui
986 2357 1070 2418 lnror
1092 2357 1152 2436 egit

317 2483 356 2522 en
371 2461 525 2520 Summum
548 2460 697 2521 hominem
720 2479 850 2540 prrgnem
873 2460 978 2538 legisse
1002 2461 1186 2539 potissimum
1209 2458 1247 2520 ad
1270 2461 1364 2522 illam?

370 2562 400 2622 Si
423 2568 538 2622 certare
561 2560 634 2624 libet
656 2563 700 2624 rel
722 2566 746 2623 si
770 2580 912 2642 superare
934 2562 1086 2630 docendo,

370 2663 466 2724 Vestri
488 2662 614 2744 aliquem
637 2665 761 2726 similem
783 2665 820 2725 de
843 2672 937 2725 vestre
961 2665 1062 2724 allerte
1085 2663 1194 2733 lerina,

371 2763 538 2825 Veecordesl
561 2767 629 2845 qnid
653 2769 730 2828 enim
753 2768 868 2846 superis
891 2767 1027 2826 conferre
1048 2768 1159 2845 peratis

371 2867 558 2946 Ellractoqne
582 2869 679 2929 lovem
703 2871 731 2930 in
754 2876 849 2930 terras
871 2868 1030 2929 detrudere
1052 2866 1196 2947 Olympo?

318 2994 357 3032 aee
372 2969 432 3029 Nec
455 2967 611 3030 cerebrum
634 2970 717 3031 vobis
740 2990 794 3031 nec
817 2979 953 3049 pectore;
976 2972 1077 3031 senior
1100 2977 1193 3034 esset.

372 3071 547 3150 Quanquam
570 3079 613 3131 tot
635 3072 731 3133 Furiis
753 3073 858 3133 rationi
881 3079 1015 3150 ereptus,
1039 3071 1174 3141 Orestes,

371 3173 491 3241 Senior,
516 3176 647 3234 occisum
669 3193 736 3253 queo
757 3174 886 3236 Penthea
910 3181 1022 3251 portat,
1046 3173 1153 3250 ligare·

372 3275 466 3337 Nemo
488 3278 525 3336 ita
549 3274 675 3344 delirus,
700 3294 787 3336 nemo
810 3294 880 3336 ase
903 3275 1015 3337 alienus
1038 3282 1067 3336 et
1089 3282 1172 3336 entra

372 3378 410 3437 Se
432 3380 562 3455 positus,
585 3379 635 3456 qni
658 3396 717 3438 non
740 3396 873 3439 errorem
897 3385 1072 3456 agnosceret
1094 3375 1191 3438 illum:

320 3501 358 3541 ess
373 3480 409 3539 dt
430 3498 536 3560 sapere
559 3480 615 3540 hee
638 3479 720 3539 vobis
743 3489 786 3547 et,
811 3499 876 3558 quae
898 3479 1045 3540 dementia
1068 3486 1164 3541 vestra
1188 3489 1246 3547 est,

373 3581 477 3641 ilentis
499 3601 574 3660 opus
597 3583 689 3641 risum
712 3589 756 3641 est
779 3599 872 3642 saum:
897 3594 980 3642 ‘nem
1004 3580 1144 3660 Spiritus'
1168 3583 1250 3642 eiurat
1301 3577 1451 3668 Jqssfflssssgif

373 3681 472 3752 ‘Quod
495 3702 645 3763 nunquam
668 3691 787 3762 peteres
810 3682 870 3743 ullo
893 3683 1030 3744 didicisse
1052 3685 1210 3762 magistro,

374 3784 432 3845 ‘lle
455 3803 539 3846 saera
561 3789 677 3866 quoties
700 3793 744 3847 est
766 3783 918 3864 relligione
941 3784 1139 3865 loquendum,

374 3886 569 3966 ‘Simpliciter
591 3888 698 3953 doctis,
721 3895 837 3948 tantum
859 3886 1050 3947 credentibus
1072 3885 1177 3947 indat'.

320 4012 359 4051 eoo
375 3988 501 4067 Spiritus
523 3989 581 4050 lme
602 3992 738 4050 sanetus?
760 3996 840 4049 certe
863 3991 895 4048 is.
919 3996 948 4048 et
970 4007 1024 4049 cur
1047 3991 1144 4066 potins
1166 4006 1226 4049 non

373 4089 517 4168 Quicquid
540 4093 569 4150 in
593 4091 648 4151 hac
671 4090 780 4151 dietum
804 4098 848 4151 est
869 4110 885 4150 e
908 4090 991 4151 vobis
1013 4091 1063 4152 lite
1084 4089 1130 4151 vel
1152 4099 1251 4152 actum

374 4192 540 4254 l‘hentasns
562 4193 619 4253 hoc
641 4192 747 4262 veluit,
772 4194 889 4261 Somni,
913 4193 1093 4271 predicere,
1117 4192 1224 4261 irater,

237 4380 272 4413 ²⁵⁸
289 4379 394 4446 Indice]
414 4380 539 4446 Spirensi
552 4381 692 4446 episcope.
739 4378 986 4429 ²⁵’leteet.2.5.6.
1021 4377 1055 4411 *Ν
1068 4379 1208 4430 vecordes
1222 4383 1282 4431 Μ.
1292 4384 1317 4429 7.
1355 4377 1452 4442 Mpee·

171 4469 234 4516 iero
246 4467 340 4517 senior
351 4465 418 4530 (eine
431 4464 647 4530 interpunctione)
660 4466 719 4514 edd.
737 4466 785 4515 sed
801 4469 926 4529 pectere,
945 4464 1040 4514 sanior
1053 4468 1075 4514 7.
1110 4464 1231 4528 Tragice
1244 4463 1294 4514 illo
1307 4463 1402 4514 Oreste
1414 4461 1451 4510 de·

172 4551 319 4602 mentiores
342 4553 419 4603 estis.
477 4549 510 4582 ²⁸²
533 4551 638 4615 Agave,
663 4548 761 4599 Cadmi
784 4548 856 4610 tilia,
880 4549 1033 4599 Pentheum
1056 4547 1142 4599 filium
1165 4550 1237 4614 qued
1256 4547 1361 4598 Bacchi
1383 4561 1452 4597 seem

172 4638 375 4698 contemneret,
398 4636 491 4686 furore
515 4639 581 4684 acte
598 4634 724 4684 menibus
746 4648 811 4684 snus
829 4633 1003 4685 dilaceravit
1028 4634 1064 4685 cl.
1079 4649 1102 4684 e.
1116 4650 1155 4698 gr.
1175 4634 1247 4684 Ouid.
1266 4637 1330 4683 met
1343 4632 1391 4683 111.
1401 4629 1451 4681 om.

171 4732 230 4782 sqq.
280 4716 317 4751 '⁴'
333 4720 376 4771 lle
395 4720 439 4770 liis
456 4718 550 4769 Somni
568 4719 788 4784 somniorumque
807 4719 887 4770 divis.
907 4718 943 4770 el.
958 4718 1029 4769 Ouid.
1043 4723 1107 4769 met.
1121 4719 1169 4768 XI.
1183 4718 1243 4770 63&
1258 4734 1316 4784 sqq.
