3270 5354
617 631 659 688 ‚th
681 630 854 688 LECTOREM
876 630 1001 688 EOlTOli.

231 814 388 866 Communis
414 815 472 865 iero
492 828 583 863 eorum
603 813 649 878 qui
668 812 769 864 lessum
789 814 894 864 funeris
913 828 999 864 cansa
1016 813 1124 864 faciunt
1142 819 1170 865 et
1188 815 1306 866 maxime
1324 816 1367 880 qni
1384 830 1431 864 eon·

163 900 299 951 solatione
317 899 480 964 solatiisque
499 900 638 948 luctuosos
657 903 788 964 parentes
811 896 980 948 adliciendos
1003 898 1114 949 student
1142 914 1202 949 sors
1227 899 1313 949 inerit
1330 899 1432 964 quaedam

164 985 412 1051 argumentationis
435 983 551 1034 ariditas
574 984 712 1033 inmatura
734 982 926 1048 doloribusque
950 983 1059 1033 acerbis
1077 988 1106 1034 et
1123 984 1305 1035 interioribus
1323 984 1433 1034 auditoris

164 1072 248 1120 animi
267 1069 436 1120 cruciatibus
454 1084 548 1133 parum
568 1083 722 1133 congruens
741 1068 919 1134 eloquentiae,
940 1069 998 1118 sivo
1016 1067 1174 1133 loquacitas
1192 1085 1227 1119 ea
1246 1074 1298 1131 est,
1318 1070 1433 1133 gravitas:

164 1156 192 1203 in
210 1155 305 1219 primis
324 1159 415 1204 autem
432 1152 546 1219 pallium
569 1153 787 1219 philosophicum
812 1153 853 1202 eis
877 1153 923 1218 qui
946 1154 1066 1202 miseriis
1089 1152 1163 1203 haud
1186 1153 1388 1219 reparabilibna
1404 1167 1434 1200 ur·

164 1243 295 1304 guantur,
322 1238 357 1287 ab
388 1238 451 1287 aliis
483 1239 701 1303 superiniectum
725 1237 854 1302 trigidum
878 1238 974 1287 durum
992 1238 1080 1288 tatum
1101 1238 1224 1304 lugentia
1247 1239 1334 1288 animi
1351 1242 1436 1288 vestem

164 1338 225 1374 esse
244 1338 337 1373 omnes
356 1323 539 1373 consentiunt.
571 1322 657 1372 nihilo
675 1338 740 1374 vero
759 1322 848 1387 magis
867 1326 895 1371 et
913 1327 1022 1373 veteres
1041 1327 1070 1371 et
1088 1322 1257 1373 recentiores
1282 1323 1318 1371 ab
1336 1337 1368 1372 eo
1385 1322 1437 1371 vitio

163 1409 218 1457 sibi
237 1423 336 1459 cavere
354 1407 491 1470 videmus,
511 1408 594 1472 inquo
613 1407 684 1456 idem
703 1411 824 1457 nostrum
843 1421 950 1472 qnoque
969 1407 1110 1469 incidisse,
1129 1407 1176 1471 qni
1195 1407 1255 1472 ipse
1274 1407 1390 1456 nondum
1405 1420 1437 1455 er·

162 1492 245 1557 pletis
264 1493 335 1559 legis
352 1491 491 1542 Plaetoriae
510 1493 590 1542 annis
607 1492 721 1541 nimiam
739 1491 905 1557 sapientiam
924 1490 1131 1556 doctrinamque
1155 1491 1297 1554 adhibuit,
1322 1492 1396 1557 qnasi
1410 1489 1438 1538 al·

162 1583 251 1627 terum
269 1576 406 1627 Senecam
424 1577 547 1640 audires,
567 1582 597 1626 ut
614 1591 708 1625 senem
726 1577 859 1642 gentilem
878 1591 964 1638 suum,
983 1580 1124 1625 strenuum
1136 1576 1246 1640 quidem
1258 1576 1438 1640 honestumque

164 1663 296 1727 equitem,
321 1660 370 1711 sed
392 1661 487 1711 rudem
510 1678 527 1711 a
550 1661 677 1711 doctrina
694 1660 833 1711 hominem
851 1666 880 1711 et
902 1659 960 1726 (qui
977 1660 1058 1710 huius
1076 1661 1188 1725 generis
1207 1662 1292 1712 etiam
1312 1666 1366 1711 tum
1384 1675 1440 1710 con·

163 1747 252 1796 munis
270 1759 328 1795 mos
347 1745 418 1808 crat)
438 1747 544 1797 evitato
562 1745 718 1797 litterarum
737 1747 896 1811 ingeniique
916 1745 992 1795 cultu
1010 1744 1173 1796 cottidianis
1184 1745 1253 1809 suia,
1272 1744 1440 1795 familiaribus

164 1847 197 1882 ac
216 1829 371 1897 gentiliciis
388 1830 559 1881 utilitatibus
576 1831 698 1882 deditum
710 1832 808 1892 virum,
827 1830 861 1880 <lc
874 1829 931 1879 tilio
944 1830 1118 1880 ornatissimo
1130 1829 1283 1881 crudeliter
1293 1830 1441 1896 interempto

163 1930 251 1981 eoque
270 1916 330 1980 ipso
348 1918 473 1981 tempore
491 1917 591 1967 misere
610 1932 644 1966 ex
661 1916 714 1967 hac
732 1917 794 1967 vita
811 1921 920 1981 erepto,
941 1931 993 1980 quo
1010 1930 1120 1981 prorsus
1139 1914 1318 1981 magnificam
1336 1916 1441 1967 felicita·

163 2007 218 2051 tem
237 2000 385 2051 incohasse
403 2000 493 2051 videri
510 2005 633 2067 poterat,
652 2002 733 2052 iustis
751 2000 876 2052 versibus
894 2000 1029 2060 heroicis,
1053 2000 1180 2051 omnibus
1197 2003 1380 2067 praeceptoria
1395 2000 1441 2050 lan·

163 2086 244 2136 dibus
261 2085 360 2152 dignis,
379 2082 576 2135 consolaretur.
607 2086 676 2148 Quae
693 2090 756 2135 ntut
772 2100 841 2136 vera
858 2090 923 2135 aunt
941 2100 1002 2135 cnm
1021 2084 1054 2135 de
1072 2084 1124 2137 hoc
1139 2087 1264 2137 carmine
1277 2091 1336 2137 tum
1348 2086 1381 2136 de
1394 2099 1442 2135 eon·

163 2170 298 2222 solatoria
316 2169 436 2235 epistula
454 2170 490 2220 ad
507 2169 648 2235 lugentem
666 2175 772 2235 patrem
791 2168 920 2220 kalendis
937 2171 1006 2235 Aug.
1021 2186 1046 2220 a.
1062 2168 1136 2221 1515.
1150 2186 1185 2221 ex
1203 2186 1269 2223 arce
1281 2169 1441 2221 Stachalbar-

164 2257 212 2320 gia
230 2255 317 2305 missa
335 2254 400 2319 (vol.
414 2255 437 2304 l.
450 2271 476 2320 p.
489 2252 530 2305 to.
543 2271 603 2320 sqq.
616 2270 688 2305 num.
701 2255 839 2318 xxvii),
858 2255 912 2319 ita,
937 2270 972 2305 ne
992 2254 1132 2306 claudicet
1148 2252 1183 2306 de
1202 2255 1248 2306 hia
1265 2256 1378 2323 scriptia
1394 2269 1442 2305 aen·

163 2339 267 2403 tentia,
290 2339 420 2389 debemus
438 2354 493 2389 non
511 2339 660 2406 neglegere
679 2338 751 2405 qnod
769 2341 828 2405 ipse
847 2339 987 2391 Hattenus
1006 2340 1041 2390 ad
1059 2341 1178 2391 amicum
1195 2340 1348 2393 Fuehsinm
1364 2336 1442 2408 paullo

164 2429 227 2491 post
244 2425 375 2476 carminis
394 2425 610 2491 conpositionem
627 2424 780 2491 Mogrrntioe
799 2424 890 2475 idibus
902 2425 962 2475 Iun.
977 2439 1002 2474 a.
1018 2424 1090 2475 1515.
1105 2422 1171 2488 (vol.
1184 2425 1208 2476 Ι.
1221 2442 1250 2492 p.
1262 2425 1320 2491 41.)
1337 2423 1441 2491 scripsit,

165 2525 236 2573 „noa
254 2524 287 2561 ex
305 2508 397 2561 officio
417 2525 451 2560 ac
468 2510 575 2575 pietate
593 2510 786 2574 interemptum
808 2509 1012 2575 deploravimus
1035 2509 1159 2561 carmine
1177 2511 1250 2575 quod
1269 2510 1306 2562 ad
1324 2516 1353 2562 te
1369 2511 1442 2567 mitto,

164 2594 215 2644 tali
228 2592 309 2659 quale
320 2595 495 2645 moestissimo
507 2600 628 2661 tempore
642 2593 724 2644 condi
738 2610 755 2643 a
766 2610 810 2645 me
822 2594 924 2659 potuit:
942 2593 1078 2645 debebam
1088 2592 1142 2645 hoc
1154 2594 1266 2645 invenis
1278 2594 1442 2646 innocentia:

164 2680 299 2730 debebam
315 2680 404 2746 patria
422 2680 498 2730 illius
514 2679 656 2730 immensae
675 2694 742 2745 erga
761 2693 804 2729 me
822 2679 1004 2744 benignitati,
1028 2694 1081 2731 nec
1098 2678 1189 2730 minna
1207 2680 1392 2731 Hnttenornm
1407 2692 1442 2727 no

164 2764 243 2823 mini,
268 2765 347 2815 onius
368 2769 427 2814 tam
450 2765 568 2831 insignis
590 2764 643 2814 hoc
669 2763 776 2814 scelere
795 2767 968 2829 contemptus
987 2768 1030 2815 est
1046 2765 1210 2829 quaesitum
1246 2764 1352 2815 similia
1373 2763 1444 2815 etiam

164 2850 259 2900 statim
276 2853 308 2899 ut
325 2848 489 2900 horrendum
506 2851 631 2900 nuntium
650 2849 756 2899 diutino
775 2848 869 2899 morbo
891 2847 1022 2899 loborans
1039 2848 1181 2900 Huttenna
1204 2848 1234 2899 in
1251 2849 1367 2901 thermis
1383 2844 1443 2897 Emi·

113 2974 115 2978 .
164 2932 293 2984 sensibus
317 2939 482 3000 acceperat,
507 2934 609 2984 litteris
633 2933 669 2983 ad
685 2933 881 2999 Marquardnm
905 2933 938 2983 dc
957 2933 1091 2985 Hatstein
1113 2934 1187 2985 datia
1206 2930 1275 2999 (rol.
1287 2934 1310 2985 1.
1324 2932 1444 3001 paam

165 3034 238 3068 num.
250 3016 349 3079 XXV.)
367 3003 563 3068 humanissime
576 3018 717 3083 protessus
731 3023 782 3067 est.
802 3019 896 3084 itaque
914 3032 983 3068 naso
994 3016 1063 3069 licet
1074 3018 1135 3069 haec
1147 3018 1340 3071 consolatoria
1355 3016 1445 3083 scripta

164 3102 329 3170 suspendas,
347 3102 419 3153 benc
437 3103 564 3152 meritam
583 3104 712 3168 scriptori
728 3101 837 3152 laudem
855 3117 910 3152 non
927 3102 1091 3168 denegabis.

231 3189 274 3239 De
293 3187 407 3253 reliquis
426 3187 461 3237 ad
480 3187 733 3253 Virtembergensis
751 3187 828 3238 ducis
847 3187 938 3237 scelus
956 3187 1150 3254 spectantibus
1168 3188 1298 3255 scriptis,
1317 3204 1378 3255 qnae
1393 3196 1444 3253 pst

164 3272 216 3324 sim
238 3275 267 3322 in
289 3271 407 3338 singulis
429 3273 532 3323 nostris
554 3272 736 3323 Huttenianis
758 3272 944 3322 voluminibus
967 3276 1127 3337 occurrunt,
1155 3271 1238 3324 huius
1260 3273 1317 3325 loci
1341 3289 1392 3325 non
1411 3270 1446 3321 att

165 3373 289 3409 monere:
309 3359 434 3408 carmina
452 3362 560 3407 tantum
578 3356 631 3408 duo
650 3357 757 3409 minora
774 3355 843 3407 illud
860 3358 1091 3424 perstringentis,
1111 3372 1226 3422 quorum
1244 3358 1363 3409 alterum
1381 3358 1445 3410 sna.

166 3443 281 3494 alterum
299 3447 362 3508 post
380 3441 529 3493 Orationes
546 3443 576 3492 in
593 3440 718 3491 Ulrioum
737 3441 835 3492 ducem
853 3442 945 3505 sedet,
965 3458 1001 3493 ne
1019 3442 1131 3505 iterem,
1151 3443 1326 3507 memorabo,
1345 3444 1364 3493 i.
1376 3458 1399 3494 e.

342 3527 391 3577 m)
408 3526 618 3578 LECTOREM.
638 3524 786 3590 „Telorum
804 3528 902 3577 veniat
919 3542 1075 3592 quanquam
1094 3526 1122 3576 id
1139 3535 1266 3592 genuset
1278 3546 1303 3579 c.

163 3611 265 3664 volum.
277 3612 310 3661 V.
323 3628 349 3677 p.
360 3612 385 3662 2.
400 3617 429 3662 et

163 3698 214 3748 AD
233 3696 434 3747 LECTOREM
451 3696 502 3746 DE
520 3695 563 3747 SE
581 3696 629 3746 ET
648 3694 770 3745 LlBRO.
789 3695 871 3758 „Mon
882 3697 973 3748 odisse
985 3696 1094 3759 librum,
1108 3700 1188 3763 potes
1199 3694 1275 3749 bnnc
1289 3698 1379 3749 odisse
1396 3702 1445 3745 erc.

165 3780 268 3831 ibidem
286 3796 351 3846 pag.
363 3779 406 3831 OO.
420 3779 581 3831 exhibitum.

233 3867 265 3915 In
277 3866 457 3917 adnotatione
470 3866 547 3915 hisco
559 3866 648 3931 signis
660 3880 724 3916 usua
737 3881 809 3916 sum:
829 3873 853 3917 1.
864 3884 900 3913 =
910 3866 1001 3917 lndic.
1013 3866 1143 3933 bibliogr.
1156 3868 1238 3919 Hntt.
1250 3884 1327 3919 num.
1340 3861 1445 3919 xxnll.

169 3949 227 4000 ld
277 3954 351 4001 2.=
367 3951 434 4000 ibid.
449 3949 559 4001 num.3.
614 3951 889 4002 3.=ibid.num.b.
942 3952 1445 4004 H.=1{uttenianaeemendationes.

165 4035 198 4083 de
224 4034 322 4098 quibus
345 4034 401 4084 disi
426 4035 620 4086 auxilius.
645 4062 679 4071 -
700 4035 1446 4101 EobanusHessos(ind.bibl.1{utanum.1..)hanc

165 4118 382 4183 deplorationem
404 4121 508 4178 omisit.
538 4121 631 4184 itaque
656 4121 740 4170 ctiam
765 4137 782 4170 a
807 4121 924 4171 Grutcro
953 4121 982 4171 in
1006 4119 1137 4171 ‘Delitiaa
1160 4127 1236 4186 poet.
1257 4121 1358 4173 Germ!
1380 4115 1445 4183 (ibid.

165 4219 236 4253 num.
251 4202 304 4267 Ol.)
323 4219 377 4254 non
394 4210 510 4271 recepta
528 4209 579 4254 est.
