3270 5354
386 398 508 436 nutritur
522 400 557 434 DE
570 398 692 435 vtn‘rv'rn
705 397 844 446 ΕῑιΒβΙΔΟΑ
857 395 1045 431 nxnotsmro.

274 557 328 629 Qui
351 555 439 616 motio
462 555 542 615 dives
564 560 645 621 erat,
669 552 784 612 iurtuua
808 559 927 612 exactus
948 551 1048 628 iniqua

224 678 248 719 u
358 659 477 719 Aestuat
499 664 527 717 et
550 673 639 735 parve
663 654 774 714 tunore
797 654 882 713 vertit
903 652 1040 713 humum:

175 757 178 762 “
274 759 334 821 Rex
359 766 423 820 erat
445 766 473 818 et
495 758 590 818 iatius
612 758 705 817 tenuit
727 755 904 833 Tarquinius
927 753 1031 821 urbes,

358 862 460 921 Paruit
481 859 517 920 ad
540 865 644 920 nutum
667 857 800 918 [tardema
823 856 914 917 Rcrua
937 874 1038 923 suum;

273 962 388 1025 Decidit
410 960 456 1023 iile
480 969 576 1029 tamen
599 964 678 1039 (uam
702 967 809 1037 quauta
833 959 961 1037 putentia
983 964 1081 1021 nostra
1105 957 1190 1036 esti),

223 1087 247 1128 u
356 1065 482 1133 Decidit,
507 1072 535 1124 et
556 1052 651 1124 missis
673 1061 798 1122 urbibus
820 1058 887 1120 exul
910 1067 982 1121 erat.

275 1167 341 1228 iimc
364 1166 466 1228 eadem
489 1165 581 1227 Siculi
602 1171 805 1226 memorantur
827 1180 917 1241 regna
940 1163 1070 1242 tyranni,

356 1270 426 1330 Post
447 1286 500 1329 sua
523 1270 572 1348 qui
595 1269 696 1347 pueris
718 1273 833 1344 sceptra
855 1267 993 1344 magister
1016 1271 1088 1326 erat.

272 1373 310 1433 Ut
331 1380 428 1431 tamen
451 1371 513 1430 brec
535 1377 686 1438 maneant,
710 1377 740 1429 et
761 1370 801 1429 sis
823 1370 854 1428 iu
876 1375 1009 1447 tempore
1032 1365 1125 1435 imiix,

223 1495 248 1535 ac
356 1473 444 1533 Sistat
466 1474 494 1532 iu
517 1473 642 1550 imperio
663 1479 744 1530 terra
765 1471 931 1549 fretumque
953 1476 1019 1540 tuo,

196 1594 199 1599 ·
272 1574 373 1652 Teque
395 1591 500 1649 uagum
524 1574 615 1650 posita
639 1581 795 1633 veneretur
817 1573 942 1650 imagine
964 1570 1081 1649 uulgus,

344 1675 411 1739 ,bet
434 1673 484 1735 tibi
507 1674 656 1735 iucundas
679 1675 758 1752 regia
780 1691 881 1734 mensa
904 1674 1008 1750 dapes,

272 1778 336 1838 Sint
359 1778 434 1837 vires
456 1776 618 1852 iormaeque
640 1775 751 1836 bouum
774 1774 902 1855 cultique
924 1781 1059 1854 penates,

219 1898 244 1939 aa
352 1877 445 1957 Inque
467 1885 532 1938 tuos
556 1878 652 1937 reuiat
673 1875 796 1957 puicbra
820 1875 914 1955 puella
939 1877 1055 1947 tbcrcs,

269 1981 315 2042 Sis
338 1998 470 2059 quoque,
494 1980 518 2038 si
541 1979 611 2057 quid
633 1978 660 2038 id
685 1987 742 2048 est,
766 1980 887 2057 antiquo
909 1986 1062 2050 stemmate
1084 1989 1182 2042 natus:

352 2082 423 2152 Quis
446 2079 612 2141 dabiturne
634 2081 727 2141 cineri
749 2079 961 2160 funeribusque
982 2083 1058 2141 tuis?

268 2184 330 2244 Vidi
353 2202 408 2261 ego
431 2201 602 2261 magnorum
626 2181 763 2261 pallentia
786 2200 911 2261 corpora
935 2201 1054 2260 regum,

216 2306 241 2348 ae
350 2284 508 2345 Portabaut
529 2290 641 2361 taqtum
663 2302 753 2362 parva
775 2284 883 2344 ieretra
906 2284 1005 2345 decus.

268 2388 292 2449 0
315 2387 365 2448 ubi
389 2394 458 2447 tunc
480 2386 591 2445 tumide
615 2385 745 2446 frontosa
770 2385 909 2465 superbia
932 2387 1024 2456 fastu,

352 2486 493 2566 Claraque
517 2486 664 2559 ncbiiitas,
688 2485 896 2566 belligeraeque
918 2489 1041 2548 manus?

267 2591 323 2661 Qui
345 2572 433 2662 mede
456 2596 498 2649 tot
520 2586 660 2668 populus,
685 2590 735 2667 qui
757 2597 800 2650 tut
822 2591 909 2651 murlo
932 2599 1050 2652 rexerat
1073 2591 1179 2663 urbes,

214 2715 239 2755 aa
348 2691 496 2753 Procubat
518 2693 553 2752 ari
576 2692 682 2752 iterium
705 2699 828 2752 truncus
850 2694 944 2753 inanis
966 2693 1099 2755 bumum.

265 2795 432 2856 Tabescunt
454 2794 540 2855 etiam
565 2794 654 2871 regali
678 2812 803 2873 corpora
826 2784 922 2855 luxu?

349 2897 360 2958 Ι
383 2915 462 2956 nuuc
485 2904 514 2956 et
536 2894 629 2955 valida
652 2903 776 2956 concute
798 2904 913 2974 sceptra
936 2916 1040 2966 ruauu;

264 3000 275 3061 Ι
299 3017 376 3060 nuuc
400 3006 427 3059 et
451 2997 561 3065 forma,
587 2997 701 3057 fortuna
725 2997 888 3078 opibusque
910 2998 1043 3076 superbi,

211 3121 237 3162 ae
345 3100 436 3177 Inque
459 3099 541 3159 brevi
563 3116 701 3174 uiagnum
724 3107 857 3177 tempore
880 3117 987 3159 uouieu
1010 3100 1101 3160 habe:

267 3202 370 3264 Nudus
393 3221 424 3262 es
447 3208 475 3261 et
497 3199 625 3278 gelidum
648 3201 770 3277 premis,
795 3200 952 3269 invidiose,
975 3202 1183 3281 scpuicbrum,

347 3303 429 3364 Nuda
453 3304 525 3381 petit
548 3302 663 3382 Stygius
685 3302 789 3362 flebilis
812 3301 916 3363 umbra
939 3300 1029 3364 lacus.

263 3407 383 3474 Discite,
408 3403 560 3475 mortaieS,
586 3403 706 3484 trepidae
729 3405 928 3466 moderamina
953 3406 1061 3476 Surtis;

210 3531 235 3571 u
344 3507 563 3586 intempestivas
586 3514 712 3586 occupat
734 3506 781 3568 illa
805 3524 916 3567 moras:

262 3612 358 3676 Dona.
381 3615 571 3689 potestatem,
595 3611 751 3669 temeraria
774 3610 836 3668 iura
860 3610 1005 3690 iidemque

344 3712 481 3791 Spernite
504 3719 533 3772 et
555 3711 659 3771 citictae
681 3729 789 3771 numen
813 3712 899 3773 inane
922 3712 993 3774 deae.

261 3812 373 3875 Clarior
395 3812 449 3874 bac
473 3815 587 3881 Virtus,
611 3814 773 3892 refugaque
796 3816 928 3876 securior
951 3837 1037 3886 aura,

209 3936 233 3976 u
338 3917 407 3996 'ipsa
430 3916 508 3977 locat
529 3915 646 3976 famulis
669 3919 789 3995 praemia
812 3936 880 3978 vera
902 3921 971 3978 suis.

261 4018 335 4078 Sunt
358 4020 406 4097 qui
429 4018 554 4087 divitias,
578 4027 646 4079 suut
668 4021 719 4096 qui
742 4025 890 4080 sectentur
913 4020 1058 4090 hencres,

343 4119 456 4199 Quique
479 4119 567 4180 veiint
589 4138 711 4198 magnus
733 4123 847 4201 pascier
870 4129 936 4182 aute
960 4123 1065 4185 duces:

123 4389 144 4423 ¹²
156 4389 257 4442 Eituat
270 4394 293 4439 1.
312 4392 429 4441 Aestuat
441 4394 514 4441 2...4.
562 4389 582 4422 ¹³
595 4393 677 4458 Tarq.
692 4393 837 4458 Superbus.
887 4391 907 4424 ¹⁴
919 4391 1015 4458 Deru]
1029 4400 1055 4442 ut
1066 4409 1137 4458 saepe
1149 4411 1192 4460 ap.
1204 4396 1282 4461 Vera.
1293 4398 1345 4447 llo-

55 4483 105 4526 rat.
118 4478 183 4527 arios
194 4476 311 4526 Romani
331 4475 472 4525 ‘Dardana
490 4492 511 4526 s.
525 4476 669 4526 Dardania
686 4481 771 4541 gena'.
826 4477 846 4508 ¹⁷
864 4477 980 4526 Tiranni
994 4480 1017 4527 1.
1031 4481 1055 4528 2.
1075 4478 1223 4544 Dionysius
1237 4482 1271 4531 ΙΙ.
1291 4498 1344 4545 „ex

55 4566 171 4625 tyranno
189 4560 316 4611 literatos
334 4560 453 4609 fact11s¹'.
474 4559 517 4611 Cf.
531 4560 632 4627 dialog.
647 4561 809 4611 Phalarismc
823 4563 846 4622 §.
860 4561 902 4610 ¹27.
954 4561 976 4593 ²³
995 4563 1081 4624 vires,
1102 4566 1124 4613 1.
1179 4572 1305 4631 poenutcs
1319 4570 1343 4616 2.

54 4642 76 4676 ²⁵
94 4644 121 4694 id
139 4647 208 4694 emb.
223 4649 247 4695 4.
299 4643 321 4675 ²²
340 4644 418 4711 Regu
431 4647 453 4693 1.
474 4645 578 4711 Regum
592 4650 616 4694 2.
669 4643 743 4711 ²⁹0]
763 4647 847 4709 Quid!
867 4649 933 4697 Μ.
980 4645 1086 4714 ⁸⁷15mis
1100 4653 1122 4699 1.
1176 4651 1343 4715 ,invidiose,
1391 4671 1396 4685 ·

56 4731 83 4779 3.
98 4730 121 4778 4.
174 4726 197 4761 ⁸⁰
215 4726 313 4796 stigios
331 4733 354 4780 1.
374 4732 480 4797 stygios
499 4734 523 4780 2.
560 4729 582 4761 ³⁹
601 4731 680 4781 sortis
700 4733 726 4781 3.
740 4733 763 4781 4.
