3270 5354
480 1184 518 1248 ΙΝ
540 1185 746 1247 lNCENlllVbl
769 1184 1035 1248 tvrttttmtttvn

640 1303 881 1365 Exdtttttrto

384 1420 603 1498 VLRIOHI
626 1422 865 1498 HVTTENI
887 1419 1109 1513 EQVITIS.

315 1612 394 1690 Ergo
411 1618 455 1672 tot
475 1613 626 1674 insomnes
646 1615 762 1691 rapient
783 1611 917 1672 incendia
940 1618 1043 1672 noctes

313 1715 479 1792 Sanctaque
503 1713 645 1793 veriloqui
668 1716 830 1775 morientur
853 1715 960 1792 scripta
984 1712 1126 1774 Lutberil

314 1815 378 1877 lloc
399 1815 525 1877 llammae
548 1815 685 1878 dederint
706 1814 822 1877 scelusl
844 1815 900 1876 boc
923 1814 1096 1893 peccabitis,
1121 1814 1223 1891 ignes?

315 1917 462 1980 Auxilium
484 1918 561 1979 lerat
583 1918 661 1978 unda
684 1920 754 1995 piis,
778 1917 863 1979 cadat
885 1916 982 1978 imber
1004 1916 1041 1977 ab
1065 1916 1124 1976 alto

289 2019 484 2080 slixtinctum
507 2018 599 2081 ferale
621 2018 746 2079 malum!
769 2019 825 2088 lla,
850 2019 979 2088 Christe,
1003 2024 1122 2079 tuorum

314 2121 472 2209 llocrotis
494 2121 693 2201 precibusque
716 2122 788 2200 piis,
812 2122 836 2181 si
858 2119 990 2180 scribere
1014 2120 1134 2197 dignum
1157 2126 1202 2180 est

316 2222 352 2284 Et
373 2240 492 2284 servcre
514 2222 564 2284 diu
586 2240 736 2302 nunquam
761 2220 900 2283 mutabile
923 2239 1040 2291 rernm,

314 2324 502 2386 Testamenta
524 2326 568 2386 tui
590 2326 615 2384 si
637 2331 718 2386 recte
741 2324 922 2385 adsumimus
945 2325 1014 2385 oris.

315 2426 360 2487 En
382 2433 510 2505 pereunt
531 2435 579 2486 tua
603 2426 708 2496 verba,
732 2434 832 2506 pater,
856 2433 905 2486 tua
929 2426 1064 2504 dogmata
1088 2425 1171 2487 triste

280 2529 430 2590 tollantur
453 2529 483 2588 in
507 2530 642 2596 exitium:
666 2529 792 2598 mundo,
818 2545 906 2607 quam
930 2536 961 2589 tu
984 2529 1047 2607 ipso
1069 2527 1190 2595 dedisti,

315 2630 439 2692 Pessum
461 2632 484 2690 it
504 2628 640 2698 libertam
664 2632 759 2691 inmiti
781 2648 924 2711 oppressa
947 2638 1073 2710 tyranno

316 2733 413 2794 Scrrlt
434 2739 464 2793 et
486 2732 639 2810 indignum
662 2739 710 2793 tua
734 2732 792 2793 lert
813 2732 944 2793 Ecclesia
967 2749 1108 2810 regnum:

316 2834 382 2897 Non
403 2833 473 2895 licet
494 2834 620 2913 ingenua
644 2852 745 2895 verum
769 2834 945 2913 depromere
967 2832 1081 2911 lingua,

315 2938 372 2998 llut
394 2935 475 3014 leges
498 2937 640 2998 mandare
663 2943 742 3003 tuas;
766 2937 894 2997 bumana
917 2935 1054 2996 iubemur

280 3058 304 3098 rr
319 3038 461 3110 Credere,
485 3039 589 3098 divinae
612 3039 732 3100 decreta
754 3038 868 3099 silentia
891 3037 963 3114 legi:

316 3141 428 3220 lmpius
451 3139 577 3200 Ausonia
601 3139 772 3202 dominatur
794 3141 830 3201 ab
854 3140 928 3201 urbe
951 3140 1091 3200 sacerdos

316 3242 417 3320 Regna
439 3261 530 3321 super
551 3243 668 3313 mundi,
691 3242 847 3305 sublimem
870 3241 973 3319 vulgus
995 3242 1099 3302 adorat

316 3343 503 3414 Pontificem,
525 3343 607 3406 lubet
628 3344 677 3407 ille
699 3346 786 3407 deum
808 3364 840 3407 se
863 3343 1017 3405 intendere
1040 3345 1098 3403 ritu

318 3445 516 3525 Deposcitqne
539 3446 596 3507 coli
619 3449 680 3508 vicc
704 3449 847 3516 numidia,
871 3446 960 3524 idque
983 3446 1134 3506 revinctus

280 3569 306 3609 ro
320 3549 474 3628 Purpurea
497 3547 594 3610 mollis
618 3548 787 3629 chlamyde,
812 3557 841 3611 et
863 3546 1077 3627 squallentibus
1099 3564 1173 3607 auro

318 3650 452 3711 induitur
475 3653 596 3720 tunicis,
621 3650 729 3731 triplici
751 3651 914 3713 diademate
938 3657 1038 3711 vertex

319 3752 462 3830 Cingitur.
486 3753 555 3814 huic
578 3759 692 3822 autem,
717 3756 831 3832 quoties
854 3771 886 3815 se
909 3751 1067 3814 ostendere
1091 3750 1178 3829 vulgo

319 3855 414 3935 Atque
437 3853 532 3932 palam
555 3855 692 3934 prolerre
715 3855 801 3924 libet,
825 3873 877 3916 sua
901 3863 984 3931 terga
1009 3861 1131 3932 repente

319 3950 484 4018 Sublicium
507 3956 552 4017 bis
575 3975 626 4017 sex
648 3958 782 4019 iuvenes:
807 3977 840 4017 ca
864 3956 958 4018 libera
982 3955 1067 4016 turba
1092 3963 1136 4016 est

280 4077 305 4117 ns
320 4058 373 4128 Et,
398 4067 485 4135 puto,
509 4053 655 4121 Germana
679 4067 737 4120 cst:
761 4061 821 4120 ruit
842 4056 1057 4119 innumerabile
1079 4059 1191 4117 circum

320 4159 493 4221 Scribarum
516 4159 620 4237 vulgus
643 4167 671 4222 ct
695 4161 781 4221 turba
802 4159 939 4239 ignobilis
962 4160 1024 4227 oci,

288 4289 289 4292 ¹
319 4263 436 4341 Quique
458 4269 577 4332 notant,
601 4264 710 4341 quique
732 4264 896 4332 inveniunt,
920 4261 1117 4340 fraudumque
1140 4265 1272 4340 magistri

172 4532 364 4567 nvrnnnnuvu
375 4521 399 4568 4.
412 4518 601 4568 Lutheranum
611 4525 636 4569 5.
655 4534 717 4568 vnn.
726 4533 753 4567 n.
762 4515 818 4583 eo]
832 4519 902 4567 omis.
913 4522 938 4567 5.
974 4514 983 4548 ¹
996 4518 1120 4568 insontes
1131 4520 1157 4568 3.
1193 4517 1204 4549 ¹
1217 4518 1375 4584 precibusq)
1386 4522 1409 4567 i.

135 4602 286 4667 rrecibusqj
304 4607 329 4652 2.
383 4599 489 4672 ¹irunt}
504 4607 529 4654 2.
583 4602 601 4636 ¹¹
623 4604 733 4654 immitti
752 4607 776 4653 4.
796 4602 898 4653 Immiti
916 4606 940 4651 5.
1000 4598 1119 4653 ¹⁴tuas?
1139 4607 1167 4655 3.
1221 4602 1409 4668 ¹⁰1Mpiurt.

135 4687 138 4716 ¹
154 4686 294 4738 chlamide
316 4691 338 4736 1.
346 4691 370 4738 4.
391 4687 529 4738 chalmide
548 4693 572 4738 2.
638 4687 854 4753 squallentib.1.
874 4686 1041 4752 squalentib.
1054 4692 1079 4741 2.
1149 4686 1171 4720 ²⁸
1189 4688 1282 4755 polam
1300 4690 1369 4739 onem.
1383 4690 1409 4737 3.

135 4770 138 4800 ⁵
156 4777 185 4822 et
197 4774 273 4823 ·umir.
289 4776 313 4821 2.
366 4770 389 4803 ¹⁷
407 4774 426 4822 i.
441 4789 464 4823 o.
478 4775 593 4837 notarii,
614 4774 810 4839 protonotarii,
829 4772 927 4824 bidelli
947 4778 974 4823 et
992 4789 1017 4838 q.
1032 4790 1053 4824 r.
1067 4789 1088 4824 s.
