3338 5370
290 341 312 411 4
568 370 712 406 ruaerarro
726 372 857 406 stultulus
870 371 906 407 Au
920 372 1010 407 orturus
1025 372 1172 415 Qvarrvou
1187 372 1300 408 PARTES.

288 539 347 574 rum
370 525 542 590 publicarum
565 531 639 576 recte
664 526 940 576 administrandarum
964 527 1088 592 beneque
1111 528 1291 593 gerendarum
1319 528 1387 578 artis
1413 528 1459 578 vix
1486 529 1580 578 miuus

288 609 426 659 studiosus
450 625 530 674 quem
554 613 631 660 cuius
654 612 739 660 vitum
762 612 805 660 bis
823 612 885 660 uuis
910 611 1009 661 officiis
1032 616 1117 662 totam
1141 614 1347 663 destinavisset.
1382 612 1480 662 Musca
1498 617 1578 678 pote-

287 700 331 745 rat
348 695 516 760 relinquere,
536 697 630 747 Muses
647 712 699 745 nou
718 697 819 760 potuit;
839 696 887 746 sed
906 697 933 745 in
952 712 1046 747 musea
1065 699 1162 760 etiam,
1182 699 1307 763 quotiens
1325 698 1422 763 potnit,
1441 697 1526 747 rediit
1544 697 1579 746 li-

288 780 398 843 benter,
421 780 650 847 liberalioresque
674 781 782 851 litteras
807 788 835 831 et
858 797 950 832 earum
974 788 1190 848 propugnatores
1208 787 1238 832 nt
1256 784 1365 833 sincere
1384 781 1509 844 amabat,
1530 768 1580 832 'ita

287 868 332 933 pie
356 866 468 917 colebat
490 882 523 916 ac
546 872 657 916 strenue
682 867 717 917 ab
740 867 863 917 hostibus
886 868 992 932 ingenii
1016 883 1121 932 quoquc
1147 869 1229 918 armis
1252 867 1421 918 defendebat
1447 866 1578 932 laetisque

287 954 344 1003 suis
366 951 495 1003 lendibus
519 951 688 1002 celebrabat.
725 952 784 1013 Quo
807 953 900 1018 itaque
924 952 1017 1015 modo,
1041 959 1071 1001 ut
1094 968 1177 1018 supra
1195 953 1310 1019 primam
1328 959 1434 1018 partem
1453 968 1515 1002 cum
1535 968 1580 1001 se·

288 1038 390 1099 cunda,
420 1037 592 1102 quantumvis
616 1036 704 1087 altera
728 1039 763 1088 ab
787 1037 877 1088 alteru
900 1038 1010 1087 diversa
1033 1039 1083 1097 sit,
1112 1039 1251 1088 cohaerere
1276 1043 1304 1088 et
1325 1043 1470 1103 utramque
1493 1037 1578 1087 solidi

288 1122 366 1187 quusi
384 1122 504 1188 corporis
523 1121 671 1172 membrum
691 1138 752 1172 esse
771 1122 940 1187 significavi,
965 1139 1056 1173 rursus
1074 1123 1195 1173 secunda
1214 1123 1248 1173 ad
1267 1125 1377 1173 tertiam
1395 1123 1437 1173 its
1455 1123 1577 1181 accedit,

286 1214 317 1258 ut
343 1207 432 1258 altera
456 1207 537 1259 alteri
564 1223 625 1258 sese
651 1209 785 1270 insinuet,
811 1209 893 1272 inque
920 1213 1044 1273 quartam
1072 1214 1167 1274 aperto
1192 1209 1303 1257 tramite
1326 1212 1480 1258 transeant.
1517 1224 1577 1257 cer-

286 1295 392 1344 tamina
410 1296 507 1345 contre
525 1294 628 1343 curiam
646 1293 796 1343 Romanam
815 1309 863 1358 pro
881 1293 1012 1343 libertato
1032 1294 1186 1343 Germaniae
1206 1294 1387 1358 ecclesiaeque
1406 1295 1577 1347 sanctitate,

285 1384 316 1428 ut
339 1384 396 1429 tum
418 1394 462 1429 res
485 1384 576 1437 erant,
600 1395 649 1445 pro
666 1377 787 1443 Luthero
810 1379 917 1428 institui
941 1379 1091 1428 debebant:
1116 1383 1245 1442 qnantum
1269 1378 1324 1429 illis
1347 1380 1491 1431 universus
1516 1379 1576 1428 sere

285 1469 419 1515 terrarum
437 1464 512 1514 orbis
531 1470 596 1514 tune
614 1464 748 1515 concitari
767 1464 890 1528 coeperit,
911 1469 1015 1527 quanta
1033 1464 1195 1514 tortitudine
1209 1465 1346 1514 Hutteuus
1360 1464 1454 1515 endem
1467 1480 1577 1530 pugne-

285 1549 369 1612 verit,
395 1550 513 1614 denique
531 1556 561 1598 ut
579 1564 633 1599 non
651 1549 775 1599 hostibus
794 1548 842 1598 sed
860 1549 952 1598 morbo
972 1549 1076 1598 fractus
1094 1550 1268 1611 occubuerit,
1294 1566 1373 1600 nomo
1391 1551 1436 1614 qui
1454 1549 1516 1598 baec
1536 1549 1576 1598 le·

285 1639 333 1700 get
351 1650 486 1701 exponere
504 1633 585 1684 buius
603 1634 657 1684 loci
675 1649 736 1684 esse
755 1634 876 1699 putabit,
901 1639 931 1683 ut
952 1650 1003 1684 nee
1027 1633 1106 1682 buius
1129 1633 1183 1683 loci
1207 1640 1249 1683 est
1271 1635 1457 1685 demonstrare
1476 1635 1579 1684 Hutte·

284 1735 348 1769 unm
366 1719 449 1770 rebus
468 1718 668 1770 ecclesiasticis
682 1718 864 1769 reformandis
879 1720 918 1767 rei
931 1718 1047 1783 publicus
1060 1719 1254 1783 libertatisque
1268 1719 1438 1770 Gerrusnicae
1451 1721 1579 1769 nationis

285 1820 372 1855 eausa
396 1820 489 1855 omnes
513 1806 579 1855 vitas
602 1820 701 1855 nervos
725 1804 916 1864 contendisse,
940 1803 1001 1852 dum
1023 1804 1157 1853 Lutlrcrus
1180 1821 1233 1854 nou
1251 1806 1304 1854 uisi
1323 1806 1386 1855 fidei
1405 1804 1577 1854 Christianae.

285 1905 371 1940 eausa
389 1890 540 1940 Romanam
559 1889 707 1939 ecclesiam
726 1889 892 1938 sollicitaret
910 1903 1011 1953 proque
1031 1889 1201 1954 principibus
1226 1906 1258 1940 ac
1281 1891 1363 1940 rebus
1385 1889 1519 1955 publicis,
1546 1897 1578 1939 ut

284 1989 422 2025 sacrorum
440 1973 587 2024 bibliorum
605 1990 654 2039 per
672 1975 764 2024 omnia
782 1989 909 2038 suprema
927 1974 1078 2023 auctoritas
1097 1981 1177 2034 esset,
1198 1980 1293 2024 contra
1310 1976 1454 2041 pontifices
1472 1975 1575 2025 Roma-

284 2075 335 2111 nos
353 2060 456 2111 acriter
474 2060 627 2109 dimicaret.
664 2075 744 2124 quam
763 2059 835 2107 inter
857 2064 999 2122 utrumque
1021 2058 1107 2108 heroa
1130 2059 1314 2109 differentiam
1338 2061 1575 2111 convenientiam·

284 2161 337 2211 que
356 2146 414 2210 ipse
433 2149 525 2194 noster
542 2144 639 2194 melius
659 2160 738 2209 quam
758 2143 793 2192 ab
812 2142 868 2192 alio
886 2142 1087 2194 demonstratas
1106 2160 1147 2194 me
1166 2144 1259 2209 legere
1277 2146 1398 2205 memini,
1416 2145 1520 2195 litteris
1540 2146 1576 2195 sd

283 2229 433 2280 Lutherum
452 2229 563 2294 seriptis
582 2245 616 2278 ac
633 2230 771 2294 prseeipue
790 2227 833 2276 his
850 2229 1072 2278 memorabilibus
1090 2230 1182 2279 verbis
1205 2247 1285 2291 „mea
1304 2231 1423 2281 bumana
1440 2235 1518 2292 sunt,
1545 2237 1576 2279 tu

283 2315 436 2381 perfectior
459 2314 513 2362 iam
537 2318 610 2363 totus
635 2329 667 2362 ex
690 2313 791 2362 divinis
809 2313 968 2378 dependes“
987 2315 1051 2376 (rol.
1066 2315 1101 2365 ll.
1114 2332 1139 2380 p.
1152 2315 1206 2379 55.)
1226 2332 1288 2366 mea
1306 2316 1413 2381 quidem
1432 2319 1575 2366 sententia

284 2400 427 2466 expressit

350 2485 446 2534 Pauca
470 2500 503 2533 ex
526 2485 649 2533 omuibus
673 2499 732 2548 qum
752 2485 860 2549 repperi
878 2484 994 2533 llutteni
1014 2485 1180 2535 carminibus
1200 2485 1317 2551 (repperi
1337 2492 1427 2537 autem
1447 2489 1572 2552 quamuis

284 2574 368 2620 autea
386 2569 491 2619 inedita
503 2569 562 2619 fere
576 2568 658 2629 nulla,
679 2569 812 2634 conplura
830 2574 930 2630 tamen,
952 2584 1038 2633 eaque
1057 2570 1166 2619 minime
1186 2572 1348 2636 spernenda.
1368 2588 1438 2637 quse,
1459 2588 1520 2622 cerm
1539 2572 1571 2622 li·

284 2655 366 2706 bellis
379 2656 585 2705 continerentur
597 2669 709 2718 quorum
722 2653 847 2719 exempla
859 2654 903 2703 vix
918 2655 964 2703 uni
978 2661 1026 2703 aut
1039 2655 1120 2704 alteri
1134 2657 1293 2722 conspicere
1307 2656 1398 2706 datum
1412 2657 1474 2718 luit,
1488 2656 1572 2730 plane

285 2742 313 2790 in
332 2739 506 2793 oblivionem.
518 2739 657 2802 abierunt)
676 2741 704 2789 in
722 2739 774 2789 boc
792 2738 919 2789 volumen
938 2754 992 2788 non
1011 2741 1112 2805 recepi,
1133 2747 1163 2790 ut
1176 2747 1238 2807 pot-e
1252 2758 1309 2806 qua·
1323 2744 1351 2792 iu
1364 2743 1478 2806 reliquis
1491 2749 1573 2807 quat-

283 2830 346 2874 tuor
368 2825 450 2875 tomis
473 2840 550 2875 suum
572 2825 674 2886 locum,
700 2839 828 2889 cumque,
853 2825 877 2872 si
900 2840 917 2873 a
940 2827 1087 2890 perpaucis
1106 2828 1267 2883 recesseris,
1287 2829 1428 2876 iustiorem
1447 2843 1529 2892 quam
1548 2830 1573 2878 si

284 2910 376 2960 omnia
393 2910 457 2960 huic
475 2910 607 2960 volumini
626 2925 824 2968 reservassem,
849 2911 904 2958 iarn
928 2910 1097 2960 invenerant,
1134 2912 1174 2961 No
1198 2929 1261 2960 vero
1285 2913 1411 2962 inmerito
1430 2915 1457 2962 in
1476 2913 1573 2979 negle-

284 2996 387 3061 gentiae
406 2996 508 3045 crimen
527 2996 688 3051 inciderem,
712 2996 796 3044 etiam
815 2995 860 3044 bic
879 2995 1029 3044 omittenda
1047 2997 1170 3045 carmina
1188 3013 1220 3046 eo
1240 2998 1362 3063 quodque
1381 2997 1442 3047 loeo
1461 3014 1573 3048 corune-

284 3081 388 3132 moravi
407 3096 485 3145 quem
505 3082 531 3130 ei
549 3081 696 3137 dedissem,
722 3082 745 3130 si
765 3097 818 3130 non
837 3082 955 3131 omnium
971 3082 1089 3134 llutteni
1109 3082 1233 3146 operum,
1258 3084 1306 3133 sod
1324 3085 1491 3148 poeticorum
1511 3090 1573 3135 tau-

282 3169 338 3215 tum
352 3167 429 3216 modo
443 3167 591 3216 editionem
604 3167 785 3232 paravissem.
822 3167 910 3230 Atque
923 3166 982 3215 luee
996 3169 1057 3230 ipsa
1076 3167 1155 3228 ratio,
1176 3174 1205 3216 ut
1224 3173 1331 3218 taceam
1352 3168 1417 3231 alin,
1436 3173 1506 3219 sutis
1526 3171 1574 3220 de-

282 3250 372 3301 clarat
391 3267 438 3302 eur
455 3267 527 3301 nnnc
547 3252 581 3301 ad
601 3268 635 3300 ca
652 3267 713 3315 quse
733 3268 766 3301 ex
787 3251 917 3317 llpistolis
936 3251 1110 3300 obscurorum
1130 3253 1246 3301 virorum
1265 3256 1387 3304 Hutteno
1411 3255 1507 3305 deberi
1533 3258 1572 3307 ri-

281 3336 407 3395 deantur,
426 3338 534 3386 omniuo
552 3352 605 3385 non
625 3337 804 3401 respexerim:
823 3337 866 3385 bis
885 3337 956 3384 euim
976 3336 1099 3400 epistolis
1118 3352 1193 3386 suum
1213 3338 1340 3388 volumen
1358 3340 1483 3402 debetur,
1503 3343 1573 3406 quod

284 3435 301 3468 a
319 3436 361 3470 me
381 3419 551 3470 elaboratum
570 3421 701 3486 posthoc
721 3423 764 3469 edi
784 3432 872 3484 spero.
