3270 5354
243 378 318 452 274
568 406 677 441 nosen
690 404 824 444 stanton
836 403 873 439 AD
886 402 1044 440 CORYCIAM
1056 400 1211 438 PBAEH'HO.

242 570 396 615 monumento
415 565 526 626 dpoita
543 561 648 609 omnium
665 561 775 608 maximo
792 564 911 608 statulmn
929 563 976 607 est.
1013 557 1079 622 Atqq
1101 558 1143 606 ille
1166 556 1265 622 quadem
1289 555 1337 605 boc
1354 557 1443 605 mand
1456 558 1534 625 poitq

242 663 344 698 nsunere
361 653 472 696 aternus
490 647 538 695 iam
556 639 604 707 est,
622 636 713 709 suas'q3
731 643 839 693 arbores
856 649 882 691 et
898 646 1002 707 plautas
1018 643 1152 692 sriuacitate
1169 643 1252 699 uincit,
1269 643 1360 706 purtqj
1372 642 1535 705 perennitate

242 735 314 783 buius
331 722 520 781 memoriu'eum
536 733 614 802 poi'te
629 732 714 794 plorin
729 728 901 792 protenditur,
919 733 1016 777 tuntum
1033 729 1071 776 illi
1082 726 1217 789 felicitatis
1227 726 1313 775 attuli
1331 725 1374 776 .P.
1398 725 1534 788 Verqlliun

245 819 271 866 in
288 821 341 867 eiius
358 817 447 866 tortos
464 799 592 865 incidisse.
629 812 696 874 Quid
712 820 793 863 autem
811 818 836 861 te
856 812 920 861 Iane
940 812 1034 875 Coryci
1054 813 1148 869 dicam,
1172 811 1244 860 buirus
1264 813 1335 860 senis
1357 811 1534 875 coqnonanem,

246 904 319 951 annm
336 916 487 966 aequuum,
511 898 542 947 ab
565 899 694 947 bortorum
717 901 784 946 cultu
807 912 857 947 non
880 896 1076 946 abhorrentem?
1100 893 1175 955 Quem
1197 910 1281 944 omnes
1304 897 1391 944 nostri
1411 894 1554 958 temporist

242 987 334 1037 urbani
346 982 434 1056 poletq
451 999 498 1034 uno
516 996 562 1032 ore
580 982 776 1032 concelebrant?
800 979 866 1042 Quid
882 981 948 1031 boc?
971 997 1004 1030 an
1019 978 1078 1043 fatu
1095 980 1199 1044 aliquod
1215 985 1267 1039 est,
1292 979 1418 1042 Corycias
1435 992 1535 1042 semper

242 1072 326 1136 poi'tis
342 1073 490 1135 populares,
529 1067 659 1132 Corycium
676 1064 756 1116 crocei
773 1073 831 1132 atqj
850 1068 915 1116 adeo
934 1072 1050 1115 aromata
1068 1066 1159 1123 omnia,
1178 1065 1215 1114 ad
1229 1065 1402 1114 solennitatem
1419 1063 1535 1113 olentes?

244 1156 303 1204 Nisi
318 1161 343 1204 te
362 1158 436 1204 etiam
453 1154 495 1202 illo
513 1155 586 1216 lonpe
603 1155 819 1216 prestantiorem,
839 1158 863 1199 et
882 1167 917 1200 en
936 1151 1068 1199 Parnasso
1085 1156 1176 1208 monte,
1196 1164 1227 1199 ac
1240 1148 1349 1213 Corycio
1367 1162 1455 1212 specu,
1476 1146 1533 1195 Mu-

167 1229 168 1238 *
241 1254 327 1288 sarum
350 1239 417 1288 dono
440 1235 512 1292 nobis
534 1237 620 1302 dammi
642 1236 810 1296 crediderim,
835 1250 866 1284 ac
889 1231 925 1297 (si
938 1236 1041 1299 poetice
1058 1235 1138 1298 maqis
1160 1235 1246 1299 eloqui
1265 1230 1337 1297 ticet)
1360 1232 1393 1282 ab
1413 1230 1535 1295 Coryciis

242 1327 350 1388 penitam
367 1322 482 1386 nymphis
499 1327 556 1386 atq3
573 1322 717 1378 educatum,
738 1318 811 1380 Quod
827 1323 910 1369 omnia
927 1319 998 1369 buius
1015 1322 1067 1369 aul
1081 1319 1183 1382 inqenia
1199 1319 1225 1367 in
1242 1317 1302 1367 urbe
1320 1319 1490 1379 aarum,
1508 1321 1533 1364 et
1543 1320 1565 1360 to

243 1409 280 1458 ad
294 1407 393 1456 uirtutis
411 1396 523 1471 laudis'q3
541 1410 651 1455 amorem
667 1409 729 1454 miro
748 1406 845 1454 ardore
862 1406 1035 1454 succenderis.
1072 1403 1136 1452 Nam
1151 1407 1180 1452 tu
1197 1418 1251 1453 cum
1268 1401 1300 1452 ab
1318 1401 1377 1452 ltine
1390 1400 1475 1464 serni
1492 1401 1535 1450 de·

242 1493 331 1543 cennio
347 1505 397 1555 pro
415 1497 460 1539 tua
473 1492 572 1554 pietate
590 1505 662 1539 aram
679 1506 733 1539 cum
748 1492 843 1539 sacello
861 1492 887 1538 in
904 1491 961 1539 cede
979 1489 1041 1538 Diui
1057 1489 1206 1553 Aupustini,
1226 1487 1326 1538 Christo
1344 1487 1410 1547 Deo,
1428 1488 1535 1549 matriq3

243 1584 270 1626 et
287 1567 354 1626 asnia
371 1577 438 1632 eius,
459 1574 546 1646 Mariq
563 1580 589 1622 ct
601 1574 677 1646 Annq
693 1575 840 1635 statuisses,
858 1564 952 1639 treis'q3
969 1579 1068 1624 statuas
1084 1569 1132 1622 sub
1148 1577 1217 1639 cuqu
1235 1571 1374 1622 &Lunensi
1391 1573 1452 1620 illas
1469 1585 1534 1618 mar-

243 1677 312 1712 more
330 1664 470 1729 acuisses,
489 1657 589 1730 adch
604 1654 707 1722 picturi
722 1662 795 1722 lonqe
813 1659 931 1721 inclytam
948 1664 974 1707 et
990 1659 1078 1730 priscq
1094 1661 1220 1718 oemulmn,
1244 1656 1404 1721 addidisses,
1422 1656 1534 1718 scalpto-

245 1737 338 1811 remqj,
365 1750 390 1794 ei
413 1745 536 1808 pictorem
558 1739 578 1809 q*
599 1744 705 1793 eximios
728 1741 897 1800 adhibuisses,
919 1747 1053 1806 praterea
1073 1742 1201 1805 sacrificio
1224 1741 1372 1807 quotidiano
1394 1744 1565 1804 perpetuati

243 1846 312 1892 uasa,
331 1835 432 1890 uestem,
448 1829 582 1892 pecuniam
598 1830 718 1891 lepasses,
740 1826 800 1875 lium
814 1829 893 1899 poitq
910 1826 1001 1876 urbani
1016 1841 1113 1889 omnes,
1132 1831 1199 1876 uelut
1216 1830 1294 1877 mitro
1308 1825 1419 1890 perciti,
1438 1814 1533 1889 tuatqu

243 1922 294 1964 tum
310 1915 443 1978 pietatem,
465 1918 516 1961 tum
532 1913 621 1977 operis
638 1913 717 1976 ipsius
734 1908 887 1962 excellenti
908 1913 1041 1974 admirati,
1066 1918 1092 1962 te
1113 1912 1230 1962 certatim
1250 1913 1412 1967 eatam,
1436 1911 1533 1971 tuquJ

244 2000 320 2048 anbnt
335 1997 541 2063 mapnitudinem‚
559 2002 701 2047 statuarum
717 1999 836 2051 nitorem.
855 1997 980 2058 artificum
994 1998 1185 2062 praestantiam,
1196 1998 1256 2058 suis
1273 1993 1426 2046 sumnam
1444 1999 1534 2058 tenue·

156 2084 193 2114 ⁴⁴
243 2088 311 2132 runt.
347 2082 480 2131 Praeclare
502 2082 539 2130 illi
560 2081 673 2147 quidem,
695 2087 721 2130 et
743 2086 770 2130 ut
792 2082 817 2129 in
840 2081 932 2130 diuinis
953 2081 1042 2140 rebus,
1064 2081 1148 2146 propi
1170 2081 1264 2131 diuise.
1300 2077 1356 2139 Qua
1378 2078 1443 2129 sani
1461 2079 1488 2127 in
1503 2092 1533 2126 re

142 2182 146 2190 ·
245 2168 329 2217 nescio
347 2181 380 2215 an
394 2167 482 2229 potius
501 2163 506 2226 Ι
524 2164 663 2215 ubertatem
685 2165 822 2230 inqenion,
845 2167 976 2229 copidmue
992 2163 1153 2215 sententiani
1158 2202 1165 2226 ,
1189 2181 1222 2215 an
1239 2169 1375 2216 carminum
1390 2177 1492 2228 qenera
1508 2168 1564 2211 etet

245 2256 394 2308 uarmtates,
413 2250 555 2300 laudandas
570 2256 667 2315 putem,
686 2246 717 2298 cti
734 2251 760 2298 in
777 2249 901 2308 omnibus,
921 2247 1007 2316 quand
1022 2252 1178 2307 inuentione‚
1196 2252 1277 2314 stqlo,
1294 2255 1390 2307 metro,
1414 2247 1533 2304 diuersis,

244 2350 306 2386 onus
327 2341 410 2384 tannen
433 2351 465 2385 oc
485 2337 571 2400 propi
593 2335 658 2384 idem
681 2335 760 2384 decor
780 2327 945 2400 concentisqj
967 2338 1072 2385 eniteat.
1106 2335 1182 2385 Alius
1204 2337 1295 2399 eieqis,
1325 2336 1390 2384 aius
1415 2332 1533 2389 heroicis,

245 2421 309 2470 alius
330 2421 418 2482 lpricis
440 2422 561 2477 numeris,
585 2425 628 2468 aut
649 2419 786 2483 plaloecijs
809 2420 876 2484 opit,
899 2434 971 2485 aque
991 2420 1097 2483 putatae
1114 2403 1208 2472 omnes.
1242 2419 1321 2469 Adde
1342 2423 1385 2469 ret
1404 2419 1488 2482 ipsius
1504 2431 1534 2466 ae

244 2506 349 2573 materie
367 2504 520 2567 diqnitatem,
538 2519 592 2553 cum
609 2501 643 2552 nb
659 2510 683 2552 vt
699 2504 781 2569 prisci
797 2506 974 2563 coaceruatim,
993 2506 1019 2554 in
1036 2505 1173 2555 licentiosis
1184 2502 1355 2568 Lampsaceni
1370 2501 1532 2562 iocularibu,

243 2590 334 2638 sedin
351 2589 401 2638 Dei
423 2604 454 2638 ac
476 2585 571 2638 atari
587 2588 701 2657 laudibus
719 2589 853 2647 canendis,
876 2590 1001 2652 inpenium
1023 2591 1196 2639 exercuerint.
1232 2587 1305 2653 Erqo
1322 2592 1348 2637 nt
1366 2589 1393 2636 in
1408 2587 1562 2653 plurissimis

245 2688 319 2739 quom
336 2672 467 2742 Pandecte
482 2679 553 2730 sunt,
578 2672 782 2734 iurisconsultis,
805 2679 898 2745 preter
919 2674 961 2722 rei
981 2675 1060 2738 ipsius
1083 2689 1156 2740 quam
1178 2674 1283 2732 docent,
1306 2673 1451 2729 utilitatem.
1475 2685 1535 2720 onus
1577 2684 1587 2692 ·

244 2759 327 2822 propi
344 2761 425 2821 stylus
442 2758 467 2805 in
485 2762 523 2806 tot
540 2758 732 2815 diuersissimis,
754 2764 804 2806 tum
821 2764 913 2816 estate,
936 2764 987 2806 tum
1003 2760 1103 2822 patria,
1126 2758 1236 2822 inpeniis
1258 2760 1353 2817 elucet,
1377 2756 1423 2806 Sic
1445 2760 1473 2806 in
1489 2755 1541 2805 boe'

244 2859 292 2892 uno
310 2841 405 2900 libello,
426 2846 520 2915 prpter
536 2842 617 2906 ipsam
634 2857 699 2899 rem,
724 2857 772 2914 quq
790 2841 826 2903 (vt
844 2858 894 2893 non
910 2845 990 2892 maius
1008 2841 1100 2907 dicam)
1119 2844 1206 2893 diuina
1221 2836 1250 2900 ἓ,
1273 2848 1298 2892 et
1321 2842 1428 2892 deDeo
1448 2857 1480 2890 ac
1497 2841 1533 2889 di·

244 2927 284 2975 uss
300 2930 435 2983 contecta,
458 2922 510 2976 cttb
529 2927 591 2990 styli
606 2928 746 2990 elepantia,
771 2923 824 2976 etii
843 2928 965 2992 inpenion
986 2926 1100 2985 ubertas,
1123 2922 1177 2977 etid
1194 2928 1347 2977 inuentionis
1369 2928 1534 2991 rmnirumq3

244 3011 370 3069 uarietas,
394 3011 546 3060 admiranda
563 3009 635 3060 nobis
652 3018 699 3060 est.
735 3010 891 3076 Stupenduan
907 3017 947 3061 est
967 3018 1113 3076 praterea,
1136 3009 1234 3077 quosdi
1253 3016 1281 3062 in
1297 3011 1337 3061 bis
1352 3012 1421 3075 persi
1437 3018 1564 3075 puerostt

245 3110 309 3153 esse,
328 3095 493 3161 itomanquj
509 3094 656 3159 pubeculam
673 3102 723 3144 tum
738 3111 849 3160 praesse
866 3102 891 3146 et
906 3096 1060 3161 sruqiferum
1076 3098 1200 3161 inpunitum
1218 3098 1284 3147 diuis
1294 3097 1347 3146 suis
1358 3109 1535 3147 comecrussc.

245 3179 322 3229 teus
338 3180 416 3245 iqitur
431 3186 459 3228 tu
479 3181 582 3244 Commi,
600 3176 636 3230 nb
651 3187 675 3229 ut
698 3179 848 3230 Tarentinus
866 3182 950 3230 incola
967 3182 999 3231 de
1016 3185 1068 3232 suis
1085 3182 1178 3241 bortis,
1195 3184 1244 3232 sed
1260 3182 1292 3232 de
1309 3182 1360 3231 tuis
1376 3183 1485 3238 udus,
1503 3179 1535 3229 de

244 3270 291 3313 tua
304 3265 423 3334 pietate,¹
440 3265 473 3314 de
491 3265 576 3314 diuino
594 3268 675 3328 cultu,
693 3266 725 3315 de
742 3271 868 3330 perpetuo
885 3268 1026 3328 sacrificio,
1045 3268 1077 3316 de
1093 3272 1133 3316 tot
1148 3269 1248 3330 poitis,
1267 3267 1299 3315 de
1316 3271 1356 3317 tot
1372 3263 1533 3320 waniba.

246 3349 278 3398 de
296 3354 340 3397 tua
359 3351 471 3412 perenni
488 3350 587 3413 pluria,
609 3353 757 3415 mansurdq3
771 3350 776 3412 Ι
791 3353 944 3399 aternitate.
981 3351 1047 3400 Nam
1068 3348 1154 3418 quanq
1175 3358 1218 3423 tuq
1240 3352 1329 3402 lanes
1351 3353 1425 3415 lanae
1447 3351 1535 3413 pisam

246 3447 277 3481 ac
293 3435 378 3497 potius
395 3440 524 3504 innumerq
540 3436 599 3492 sint,
616 3440 700 3483 tanen
716 3438 755 3485 sic
771 3435 842 3484 uelim
861 3434 954 3499 Corpci
970 3437 1106 3493 existima,
1124 3443 1193 3486 tumn
1206 3426 1356 3499 felicitatem
1372 3435 1423 3485 boo
1439 3448 1488 3484 ono
1505 3436 1563 3483 list

246 3516 310 3566 bello
327 3518 460 3567 contineri.
496 3516 598 3568 Etenim
614 3518 646 3589 lq
662 3519 709 3568 tibi
723 3524 814 3589 statue,
831 3500 950 3586 praterq'
966 3522 1035 3586 quod
1045 3520 1197 3581 carminibus
1210 3527 1235 3569 et
1247 3519 1412 3571 monumentis
1422 3525 1463 3569 tot
1474 3521 1533 3584 poe·-

245 3607 341 3659 tarum,
358 3602 544 3665 perennitatem
561 3601 608 3652 tibi
624 3607 797 3665 contulerunt,
816 3606 893 3653 etiam
908 3610 1019 3654 statuam
1037 3608 1063 3655 in
1079 3609 1143 3656 calo
1161 3611 1319 3664 simarum,
1343 3609 1388 3654 aut
1407 3609 1480 3654 certe
1497 3608 1533 3652 lo·

244 3682 437 3736 cumdcsedem
451 3693 617 3750 pepererunt,
634 3689 661 3736 in
679 3687 765 3753 quibus
782 3694 809 3736 tu
826 3689 943 3739 resideas
959 3695 1135 3754 sempiternus.
1172 3689 1284 3751 Quodsi
1299 3690 1340 3740 .P.
1363 3690 1420 3740 Ver
1511 3692 1534 3737 in

245 3775 300 3828 tua,
319 3775 363 3818 aut
379 3776 407 3818 tu
424 3772 450 3820 in
466 3772 532 3821 illius
548 3778 665 3837 tempora
682 3773 827 3832 incidisses,
845 3773 974 3824 habuisset
990 3776 1032 3824 ilie
1050 3776 1149 3841 quidem
1166 3776 1228 3841 quid
1244 3776 1276 3825 de
1293 3781 1333 3832 te,
1355 3779 1459 3839 proeter
1475 3773 1534 3823 bor-

243 3859 316 3904 tense
332 3855 440 3904 studium
457 3856 613 3915 concineret,
633 3858 806 3920 praedicasset
823 3859 849 3907 in
866 3858 963 3908 bomine
981 3863 1083 3909 natione
1101 3866 1224 3919 externo,
1246 3859 1384 3910 Rom
1400 3860 1532 3923 inpensius,
1541 3867 1564 3908 tt

243 3938 364 3988 urbanam
381 3940 574 3998 dexteritatem,
597 3943 726 3992 litteraria
743 3943 843 4001 studia,
866 3945 1036 3994 litteratorum
1057 3946 1196 4001 comercia,
1216 3945 1337 4007 festiuum
1357 3943 1534 4000 urbanitatem,

244 4026 460 4089 extemporarium
478 4025 579 4075 dicendi
592 4027 753 4089 facultatem,
776 4029 937 4093 antiquitatis
959 4035 985 4078 et
1002 4045 1151 4079 mmmoruan
1167 4035 1320 4079 vetustorum
1337 4043 1463 4087 momen,
1487 4034 1535 4076 tum

243 4124 304 4159 uero
322 4110 433 4174 riqidam
447 4113 473 4159 tn
489 4111 586 4160 iustitia
603 4118 629 4160 et
645 4111 799 4176 supplicibus
816 4111 919 4173 libellis,
943 4113 1030 4180 quibus
1055 4115 1105 4166 iam
1127 4113 1172 4164 sub
1193 4112 1427 4177 sea-Pontificibus
1443 4114 1534 4178 prasi·

244 4194 302 4252 des,
320 4195 495 4252 seueritatem,
520 4201 576 4261 atq)
594 4197 669 4245 etiam
686 4198 760 4247 alma
776 4202 844 4246 tuam
861 4199 995 4262 caniciem,
1018 4191 1142 4266 corpuqu
1161 4204 1231 4249 teres
1247 4203 1273 4248 et
1290 4198 1411 4255 uistidum,
1435 4187 1535 4262 istaqu

243 4281 352 4329 tunicam
369 4286 465 4329 tenuem
482 4286 539 4346 ath
556 4282 716 4345 capeditam,
738 4283 764 4330 in
778 4281 854 4346 fraqi
874 4282 982 4342 bonum,
1007 4289 1032 4334 et
1055 4283 1088 4334 ab
1109 4285 1176 4334 omni
1192 4283 1327 4333 arnbitionc
1348 4288 1460 4341 semoto,
1482 4287 1565 4332 canti

243 4364 327 4415 sitem
344 4364 437 4430 alioqui
455 4366 598 4415 vestiarium
615 4365 662 4415 tibi
677 4371 722 4425 stt,
744 4367 924 4431 praedicasset.
959 4368 1003 4417 An
1021 4383 1081 4418 uero
1099 4371 1142 4419 ille
1158 4372 1225 4418 illum
1243 4374 1309 4418 tuum
1326 4369 1456 4418 solennem
1473 4368 1536 4418 dien

242 4453 330 4498 tacere
350 4453 488 4513 potuisset,
511 4466 560 4516 quo
581 4456 608 4499 tu
627 4445 710 4524 Annq¹
723 4448 834 4517 Christi}
850 4454 917 4525 Auiq
933 4467 1046 4515 sacrum,
1070 4459 1143 4503 tanto
1160 4457 1227 4504 cultu
1248 4458 1274 4503 et
1290 4453 1402 4515 baum,
1426 4453 1465 4502 ad
1480 4459 1537 4502 tuas

239 4534 347 4598 primum
363 4540 463 4583 statuas
478 4541 547 4585 stato
563 4537 699 4598 sacrificio,
717 4537 776 4586 inde
794 4537 830 4587 od
845 4537 940 4598 borlas,
958 4539 1048 4602 pinqui
1064 4544 1090 4586 et
1107 4541 1175 4588 lauto
1193 4542 1278 4602 epulo,
1295 4542 1353 4603 0th
1370 4537 1439 4588 uaso
1457 4539 1537 4587 omni·

242 4616 288 4667 bus
304 4617 388 4674 bonis,
405 4618 517 4669 omnibus
534 4621 629 4678 doctis,
648 4622 755 4679 indicto,
779 4621 960 4672 concelebras?
983 4621 1048 4671 Nam
1066 4621 1096 4671 eo'
1113 4620 1234 4672 bonorum
1251 4626 1307 4687 atq3
1325 4622 1488 4672 cruditorum
1504 4624 1537 4671 ni·

240 4716 328 4752 rorum
344 4718 376 4752 ea
392 4704 484 4754 cobors
500 4708 563 4762 coit,
582 4720 613 4754 ac
630 4705 694 4754 diem
712 4704 836 4766 celebrat,
855 4713 880 4756 ot
897 4711 923 4756 tn
940 4708 990 4756 tuis
1006 4707 1088 4757 ltorls's
1104 4707 1201 4757 maus
1216 4706 1348 4768 Albanas,
1365 4699 1567 4773 empomsdqqtr
