3270 5354
333 382 457 421 ”1¹13ss
469 384 507 420 AD
519 385 653 421 Mun!
666 385 877 422 ΙΛΧῙΜῙΗΔΠΙ
890 389 1112 426 triennum!
1126 390 1220 426 blunt.

251 532 315 595 lto.
484 564 490 577 ·
674 543 723 592 un
741 544 878 593 nnunu.

219 658 226 671 '
331 656 393 722 vin
413 660 547 723 venimus
565 643 626 722 huc
648 665 893 743 superstitesque.

330 762 415 841 longi
436 764 479 824 sic
501 763 617 824 inimica
640 782 831 825 cerneremus

330 863 430 926 Gallos
449 870 538 944 etque
561 865 620 926 odii
642 867 767 927 inscium
791 866 938 928 Leonem?

327 967 424 1045 Atque
445 966 503 1028 hoe
525 968 647 1030 credere
670 970 734 1049 quis
755 974 852 1047 potest
874 977 1027 1049 nepotum,

305 1066 406 1129 ceum
428 1068 512 1132 Gallo
534 1088 687 1150 aequoreos
709 1072 803 1131 coisse
825 1070 937 1141 Renes,

331 1169 383 1231 Vel
404 1172 519 1233 iunctos
541 1174 579 1233 ita
602 1191 669 1233 eum
692 1172 790 1233 Leone
813 1171 911 1235 Gallos

330 1270 477 1334 Adversus
498 1273 631 1353 Aquilam
654 1276 761 1353 petisse
784 1276 891 1353 signis?

330 1374 400 1437 fleo
421 1376 543 1438 audacia
566 1394 686 1455 magna:
710 1384 739 1437 et
762 1375 807 1437 illo
832 1379 941 1447 maior,

329 1476 362 1538 Si
384 1486 470 1557 pecto
493 1479 629 1558 patientia
652 1485 698 1538 est
719 1477 796 1539 lideli

292 1577 410 1641 coluter
432 1598 464 1641 se
487 1583 656 1643 coeuntium
678 1580 815 1641 duorum.

246 1758 312 1822 lto
376 1766 426 1819 eu
444 1766 625 1820 cnosson
643 1769 693 1818 uu
712 1735 1163 1849 courvun'rrouc‘nosrmr.
1230 1803 1233 1808 ·

325 1885 494 1965 Respexere
517 1887 563 1948 dei
584 1895 630 1956 te,
654 1887 766 1956 Caesor3
790 1887 847 1947 lroc
869 1887 948 1948 undo
971 1895 1123 1966 putemus,

412 1988 494 2049 Haud
518 1989 650 2068 exempla
673 1991 732 2058 rei,
758 2007 805 2048 res
828 1990 895 2049 ierit
917 1991 978 2068 ipsa
1001 1989 1104 2053 tidem:

326 2089 398 2152 Cum
421 2089 510 2153 Gallis
533 2092 660 2152 Venetus
682 2090 867 2151 discordibus
890 2092 977 2151 irruit
998 2094 1102 2161 crinis,

300 2211 314 2252 r
412 2192 451 2254 Se
464 2201 560 2253 ‘norat
580 2193 669 2271 inque
690 2200 754 2252 tuas
778 2191 885 2253 bellum
910 2195 1031 2254 iteratur
1053 2213 1140 2274 opes:

325 2292 445 2355 Proiicit
465 2293 609 2374 ampullas
631 2294 734 2355 Veneti
756 2296 846 2355 muris
868 2295 961 2366 unda,
983 2298 1121 2359 tumescit

407 2398 528 2476 lamque
549 2415 603 2459 suo
626 2398 719 2458 maior
741 2397 850 2457 robore
872 2398 989 2459 lllorcus
1012 2399 1102 2460 arlest.

325 2497 421 2562 Credo
443 2499 580 2579 equidem
603 2499 708 2560 solium
731 2498 806 2558 loris
828 2498 908 2560 illurn
932 2507 961 2561 et
983 2501 1087 2580 sydera
1112 2501 1187 2564 laetu

297 2622 312 2663 s
342 2642 346 2647 -
408 2602 545 2673 Poscere,
569 2620 625 2663 nec
647 2602 748 2662 mundi
771 2618 862 2679 regna
885 2609 988 2680 pulcre
1011 2604 1088 2664 satis.

230 2762 234 2767 .
323 2702 531 2765 luxuriantem
554 2705 683 2764 animum
706 2721 876 2781 compesce,
900 2703 1021 2765 libidine
1043 2707 1152 2775 r’irrctn,

406 2807 501 2884 Atque
524 2806 612 2866 animi
633 2813 732 2866 votum
756 2805 913 2875 contraire,
936 2806 1050 2874 Marce,
1075 2809 1131 2867 tui:

322 2907 588 2993 Quantumcunque
611 2907 689 2967 loono
712 2908 829 2968 veniant
851 2914 899 2967 tua
925 2906 1046 2967 earlrosa
1068 2916 1170 2978 rento,

284 3029 309 3070 re
407 3010 482 3071 Siste
505 3017 619 3079 tamen,
641 3027 799 3089 properam
823 3028 911 3069 cursu
933 3008 1091 3089 inlriheque
1113 3017 1223 3078 ratem:

322 3109 481 3173 Successus
504 3128 612 3189 urgere
634 3119 716 3181 tuos,
738 3113 824 3171 nimis
846 3109 902 3171 olla
927 3111 1052 3188 petendo

406 3213 482 3274 Eniti
505 3232 592 3293 quum
615 3215 652 3274 sit
673 3232 721 3275 res
744 3212 899 3274 metuenda
924 3212 1003 3272 ride!

321 3314 369 3376 Sic
391 3314 472 3376 illurn
496 3318 546 3395 qui
569 3335 631 3377 rem
655 3315 759 3376 melius
781 3333 889 3376 novere
911 3315 1084 3385 monebant,

282 3437 308 3477 ro
406 3416 442 3478 Et
463 3416 586 3478 meliore
608 3417 680 3478 lide:
704 3417 830 3496 perfurit
852 3416 898 3477 ille
921 3424 1027 3477 tauron.

227 3544 234 3557 ·
319 3518 488 3598 Respexere
510 3520 557 3581 dei
581 3527 625 3591 te,
649 3519 760 3617 Caesars.
784 3520 820 3580 ad
843 3518 943 3580 ultimo
966 3527 1082 3580 rerrtum
1106 3528 1166 3591 est;

403 3621 537 3685 Oderunt
558 3622 709 3684 hominum
732 3630 836 3683 cuncta
860 3620 986 3700 superba
1009 3621 1070 3691 dei;
1161 3642 1165 3649 ·

318 3724 380 3787 Nee
402 3723 517 3796 dubita,
541 3733 659 3805 pactum
682 3724 740 3785 hoc
754 3723 906 3784 discordie
930 3730 1037 3803 quanto
1060 3733 1215 3802 sequatur,

280 3846 307 3887 eo
364 3870 373 3887 .
405 3826 493 3888 Cuius
516 3826 601 3906 plerru
624 3826 705 3886 rides
728 3827 824 3885 omnia
846 3826 992 3903 perfidiae:

319 3929 400 3990 Unus
420 3929 451 3988 in
474 3927 558 3988 hoste
580 3927 664 3987 lelror
687 3929 799 3995 iuncto,
825 3929 943 3988 victoria
967 3928 1088 4007 duplex:

402 4029 437 4090 Et
458 4028 536 4091 bene
559 4030 715 4091 credemus
737 4048 796 4089 nou
820 4030 873 4089 tilri
896 4029 969 4090 ulle
992 4031 1080 4091 deosl

235 4210 298 4276 127.
406 4217 456 4269 nn
474 4218 587 4268 unuln
606 4217 813 4278 ovnmrnrn
832 4218 880 4267 nn
901 4217 1105 4267 orrurunuos.

315 4335 409 4408 Quam
432 4339 508 4417 sapit
522 4336 578 4398 ille
601 4337 680 4415 grari
703 4337 752 4415 qui
775 4342 921 4415 temperat
942 4335 1013 4397 utile
1036 4335 1177 4406 honesto,

398 4438 460 4500 Nec
482 4446 594 4501 temere
617 4436 703 4499 ullius
725 4438 818 4500 serior
841 4457 941 4497 rrnrore
965 4437 1044 4497 boni.

115 4578 314 4589 ..ῃ-..ην-

179 4643 239 4697 len
267 4646 328 4697 Hoc
338 4648 421 4710 epiar.
433 4659 481 4695 on.
495 4647 522 4695 3.
569 4642 580 4675 ³
598 4643 652 4693 Hie
665 4659 770 4709 quoqne
785 4643 841 4692 Leo
856 4643 986 4703 Venetus,
1006 4657 1059 4693 non
1072 4643 1202 4694 Ileeiurue
1214 4644 1398 4709 significetur.

179 4728 238 4780 12⁶.
267 4728 279 4761 ²
296 4728 390 4781 sidere
408 4732 480 4780 2...4.
681 4728 736 4778 127.
757 4728 764 4760 ¹
785 4729 827 4779 cf.
842 4728 907 4777 Hor.
923 4733 974 4779 ert.
988 4735 1061 4794 poet.
1075 4726 1174 4780 13313.

168 4814 299 4867 limen
317 4812 387 4865 Ore.
411 4830 474 4867 voe.
493 4815 542 4864 111.
1139 4818 1177 4876 l't'
