<?xml version="1.0" encoding="UTF-8"?>
<!DOCTYPE html PUBLIC "-//W3C//DTD XHTML 1.0 Transitional//EN"
    "http://www.w3.org/TR/xhtml1/DTD/xhtml1-transitional.dtd">
<html xmlns="http://www.w3.org/1999/xhtml" xml:lang="en" lang="en">
 <head>
  <title>
</title>
<meta http-equiv="Content-Type" content="text/html;charset=utf-8" />
  <meta name='ocr-system' content='tesseract 3.04.00' />
  <meta name='ocr-capabilities' content='ocr_page ocr_carea ocr_par ocr_line ocrx_word'/>
</head>
<body>
  <div class='ocr_page' id='page_1' title='image "./ulrichihuttenie08huttgoog_0449.png"; bbox 0 0 3270 5354; ppageno 0'>
   <div class='ocr_carea' id='block_1_1' title="bbox 168 347 1236 418">
    <p class='ocr_par' dir='ltr' id='par_1_1' title="bbox 168 347 1236 418">
     <span class='ocr_line' id='line_1_1' title="bbox 168 347 1236 418; baseline 0.007 -8"><span class='ocrx_word' id='word_1_1' title='bbox 168 347 241 418; x_wconf 69' lang='lat'>⁴¹¹0</span> <span class='ocrx_word' id='word_1_2' title='bbox 396 378 519 414; x_wconf 76' lang='lat' dir='ltr'>HVT‘l&#39;Elll</span> <span class='ocrx_word' id='word_1_3' title='bbox 534 378 562 411; x_wconf 78' lang='grc' dir='ltr'>ΙΝ</span> <span class='ocrx_word' id='word_1_4' title='bbox 578 360 693 414; x_wconf 73' lang='lat' dir='ltr'>roanrtrs</span> <span class='ocrx_word' id='word_1_5' title='bbox 706 379 741 414; x_wconf 73' lang='lat' dir='ltr'>Dii</span> <span class='ocrx_word' id='word_1_6' title='bbox 755 379 865 415; x_wconf 75' lang='lat' dir='ltr'>EV&#39;I&#39;TEll</span> <span class='ocrx_word' id='word_1_7' title='bbox 879 379 1035 416; x_wconf 66' lang='lat' dir='ltr'>masmar!</span> <span class='ocrx_word' id='word_1_8' title='bbox 1047 383 1236 418; x_wconf 72' lang='lat' dir='ltr'>narnouarlo.</span> 
     </span>
    </p>
   </div>
   <div class='ocr_carea' id='block_1_2' title="bbox 314 531 1264 4283">
    <p class='ocr_par' dir='ltr' id='par_1_2' title="bbox 368 531 1122 715">
     <span class='ocr_line' id='line_1_2' title="bbox 369 531 1096 613; baseline 0.008 -22"><span class='ocrx_word' id='word_1_9' title='bbox 369 531 505 592; x_wconf 78' lang='lat' dir='ltr'>Occurrit</span> <span class='ocrx_word' id='word_1_10' title='bbox 526 533 661 612; x_wconf 75' lang='lat' dir='ltr'><strong>raptique</strong></span> <span class='ocrx_word' id='word_1_11' title='bbox 684 534 739 594; x_wconf 85' lang='lat' dir='ltr'>ioci</span> <span class='ocrx_word' id='word_1_12' title='bbox 761 534 983 613; x_wconf 90' lang='lat' dir='ltr'>interruptaque</span> <span class='ocrx_word' id='word_1_13' title='bbox 1007 553 1096 597; x_wconf 90' lang='lat' dir='ltr'>cursu</span> 
     </span>
     <span class='ocr_line' id='line_1_3' title="bbox 368 633 1122 715; baseline 0.005 -20"><span class='ocrx_word' id='word_1_14' title='bbox 368 633 479 695; x_wconf 82' lang='lat' dir='ltr'>Gaudia</span> <span class='ocrx_word' id='word_1_15' title='bbox 503 636 646 714; x_wconf 75' lang='lat' dir='ltr'>praecipiti</span> <span class='ocrx_word' id='word_1_16' title='bbox 669 641 698 695; x_wconf 93' lang='lat' dir='ltr'>et</span> <span class='ocrx_word' id='word_1_17' title='bbox 720 635 852 695; x_wconf 91' lang='lat' dir='ltr'>nondum</span> <span class='ocrx_word' id='word_1_18' title='bbox 875 637 975 697; x_wconf 89' lang='lat' dir='ltr'>satiata</span> <span class='ocrx_word' id='word_1_19' title='bbox 1000 639 1122 715; x_wconf 88' lang='lat' dir='ltr'>cupido,</span> 
     </span>
    </p>

    <p class='ocr_par' dir='ltr' id='par_1_3' title="bbox 316 735 1117 1224">
     <span class='ocr_line' id='line_1_4' title="bbox 316 735 1117 817; baseline 0.005 -21"><span class='ocrx_word' id='word_1_20' title='bbox 316 756 354 796; x_wconf 75' lang='lat' dir='ltr'>aa</span> <span class='ocrx_word' id='word_1_21' title='bbox 370 735 428 795; x_wconf 85' lang='lat' dir='ltr'>Sed</span> <span class='ocrx_word' id='word_1_22' title='bbox 451 742 536 814; x_wconf 92' lang='lat' dir='ltr'>rapto</span> <span class='ocrx_word' id='word_1_23' title='bbox 559 754 699 798; x_wconf 86' lang='lat' dir='ltr'>succensa</span> <span class='ocrx_word' id='word_1_24' title='bbox 721 737 819 797; x_wconf 89' lang='lat' dir='ltr'>animo</span> <span class='ocrx_word' id='word_1_25' title='bbox 841 737 1016 817; x_wconf 83' lang='lat' dir='ltr'>viduataque</span> <span class='ocrx_word' id='word_1_26' title='bbox 1039 738 1117 800; x_wconf 91' lang='lat' dir='ltr'>dulci</span> 
     </span>
     <span class='ocr_line' id='line_1_5' title="bbox 367 836 1116 909; baseline 0.008 -13"><span class='ocrx_word' id='word_1_27' title='bbox 367 836 468 897; x_wconf 83' lang='lat' dir='ltr'>lnlelix</span> <span class='ocrx_word' id='word_1_28' title='bbox 491 845 629 899; x_wconf 80' lang='lat' dir='ltr'><strong>consorte</strong></span> <span class='ocrx_word' id='word_1_29' title='bbox 651 837 745 909; x_wconf 87' lang='lat' dir='ltr'>dolet,</span> <span class='ocrx_word' id='word_1_30' title='bbox 770 857 825 899; x_wconf 90' lang='lat' dir='ltr'>uec</span> <span class='ocrx_word' id='word_1_31' title='bbox 847 837 972 900; x_wconf 77' lang='lat' dir='ltr'>amabile</span> <span class='ocrx_word' id='word_1_32' title='bbox 995 858 1116 902; x_wconf 86' lang='lat' dir='ltr'>carmen</span> 
     </span>
     <span class='ocr_line' id='line_1_6' title="bbox 369 938 1116 1022; baseline 0.009 -25"><span class='ocrx_word' id='word_1_33' title='bbox 369 938 400 997; x_wconf 92' lang='lat' dir='ltr'>lu</span> <span class='ocrx_word' id='word_1_34' title='bbox 424 939 520 999; x_wconf 91' lang='lat' dir='ltr'>medio</span> <span class='ocrx_word' id='word_1_35' title='bbox 542 948 639 1001; x_wconf 86' lang='lat' dir='ltr'>versat</span> <span class='ocrx_word' id='word_1_36' title='bbox 659 940 749 1002; x_wconf 88' lang='lat' dir='ltr'>luctu.</span> <span class='ocrx_word' id='word_1_37' title='bbox 772 943 816 1001; x_wconf 89' lang='lat' dir='ltr'>sic</span> <span class='ocrx_word' id='word_1_38' title='bbox 838 949 958 1001; x_wconf 71' lang='lat' dir='ltr'>mestus</span> <span class='ocrx_word' id='word_1_39' title='bbox 981 942 1116 1022; x_wconf 87' lang='lat' dir='ltr'>adempta</span> 
     </span>
     <span class='ocr_line' id='line_1_7' title="bbox 368 1040 1002 1122; baseline 0.006 -22"><span class='ocrx_word' id='word_1_40' title='bbox 368 1040 532 1118; x_wconf 76' lang='lat' dir='ltr'>adtigisse</span> <span class='ocrx_word' id='word_1_41' title='bbox 555 1049 652 1103; x_wconf 87' lang='lat' dir='ltr'>turtur</span> <span class='ocrx_word' id='word_1_42' title='bbox 675 1061 727 1103; x_wconf 82' lang='lat' dir='ltr'>are</span> <span class='ocrx_word' id='word_1_43' title='bbox 749 1042 879 1122; x_wconf 80' lang='lat' dir='ltr'>fletuque</span> <span class='ocrx_word' id='word_1_44' title='bbox 902 1041 1002 1120; x_wconf 82' lang='lat' dir='ltr'>latigat</span> 
     </span>
     <span class='ocr_line' id='line_1_8' title="bbox 368 1141 1104 1224; baseline 0.01 -23"><span class='ocrx_word' id='word_1_45' title='bbox 368 1141 405 1202; x_wconf 88' lang='lat' dir='ltr'>Et</span> <span class='ocrx_word' id='word_1_46' title='bbox 427 1143 552 1221; x_wconf 85' lang='lat' dir='ltr'>querulo</span> <span class='ocrx_word' id='word_1_47' title='bbox 576 1145 683 1223; x_wconf 83' lang='lat' dir='ltr'>trangit</span> <span class='ocrx_word' id='word_1_48' title='bbox 705 1146 814 1223; x_wconf 77' lang='lat' dir='ltr'>gemitu</span> <span class='ocrx_word' id='word_1_49' title='bbox 838 1143 978 1224; x_wconf 87' lang='lat' dir='ltr'>solusque</span> <span class='ocrx_word' id='word_1_50' title='bbox 1000 1145 1104 1208; x_wconf 91' lang='lat' dir='ltr'>relicto</span> 
     </span>
    </p>

    <p class='ocr_par' dir='ltr' id='par_1_4' title="bbox 318 1244 1205 1735">
     <span class='ocr_line' id='line_1_9' title="bbox 318 1244 1081 1324; baseline 0.009 -22"><span class='ocrx_word' id='word_1_51' title='bbox 318 1264 356 1304; x_wconf 75' lang='lat' dir='ltr'>aru</span> <span class='ocrx_word' id='word_1_52' title='bbox 371 1244 503 1305; x_wconf 84' lang='lat' dir='ltr'>Considit</span> <span class='ocrx_word' id='word_1_53' title='bbox 524 1246 593 1306; x_wconf 91' lang='lat' dir='ltr'>nido</span> <span class='ocrx_word' id='word_1_54' title='bbox 632 1246 814 1324; x_wconf 77' lang='lat' dir='ltr'>desertisque</span> <span class='ocrx_word' id='word_1_55' title='bbox 836 1247 946 1307; x_wconf 78' lang='lat' dir='ltr'>involat</span> <span class='ocrx_word' id='word_1_56' title='bbox 966 1247 1081 1309; x_wconf 87' lang='lat' dir='ltr'>umbris</span> 
     </span>
     <span class='ocr_line' id='line_1_10' title="bbox 368 1345 1115 1429; baseline 0.003 -21"><span class='ocrx_word' id='word_1_57' title='bbox 368 1348 480 1409; x_wconf 76' lang='lat' dir='ltr'>amissa</span> <span class='ocrx_word' id='word_1_58' title='bbox 502 1345 607 1426; x_wconf 85' lang='lat' dir='ltr'>lugens</span> <span class='ocrx_word' id='word_1_59' title='bbox 629 1350 723 1418; x_wconf 88' lang='lat' dir='ltr'>socia,</span> <span class='ocrx_word' id='word_1_60' title='bbox 746 1367 803 1409; x_wconf 91' lang='lat' dir='ltr'>uec</span> <span class='ocrx_word' id='word_1_61' title='bbox 826 1349 882 1408; x_wconf 91' lang='lat' dir='ltr'>iam</span> <span class='ocrx_word' id='word_1_62' title='bbox 906 1351 1019 1429; x_wconf 89' lang='lat' dir='ltr'>appetit</span> <span class='ocrx_word' id='word_1_63' title='bbox 1041 1349 1115 1410; x_wconf 87' lang='lat' dir='ltr'>ullos</span> 
     </span>
     <span class='ocr_line' id='line_1_11' title="bbox 368 1449 1115 1530; baseline 0.003 -21"><span class='ocrx_word' id='word_1_64' title='bbox 368 1449 449 1509; x_wconf 88' lang='lat' dir='ltr'>Ultra</span> <span class='ocrx_word' id='word_1_65' title='bbox 473 1449 665 1519; x_wconf 88' lang='lat' dir='ltr'>concubitus,</span> <span class='ocrx_word' id='word_1_66' title='bbox 690 1451 829 1530; x_wconf 89' lang='lat' dir='ltr'>nudoque</span> <span class='ocrx_word' id='word_1_67' title='bbox 851 1469 905 1529; x_wconf 90' lang='lat' dir='ltr'>per</span> <span class='ocrx_word' id='word_1_68' title='bbox 927 1451 1008 1512; x_wconf 89' lang='lat' dir='ltr'>arida</span> <span class='ocrx_word' id='word_1_69' title='bbox 1032 1469 1115 1512; x_wconf 92' lang='lat' dir='ltr'>ramo</span> 
     </span>
     <span class='ocr_line' id='line_1_12' title="bbox 368 1551 1176 1630; baseline 0.002 -17"><span class='ocrx_word' id='word_1_70' title='bbox 368 1552 514 1630; x_wconf 79' lang='lat' dir='ltr'>l’rospicit</span> <span class='ocrx_word' id='word_1_71' title='bbox 536 1561 565 1611; x_wconf 91' lang='lat' dir='ltr'>et</span> <span class='ocrx_word' id='word_1_72' title='bbox 585 1551 724 1613; x_wconf 76' lang='lat' dir='ltr'>turbante</span> <span class='ocrx_word' id='word_1_73' title='bbox 746 1553 822 1613; x_wconf 88' lang='lat' dir='ltr'>sitim</span> <span class='ocrx_word' id='word_1_74' title='bbox 845 1553 1000 1630; x_wconf 81' lang='lat' dir='ltr'>restinguit</span> <span class='ocrx_word' id='word_1_75' title='bbox 1021 1553 1058 1613; x_wconf 93' lang='lat' dir='ltr'>ab</span> <span class='ocrx_word' id='word_1_76' title='bbox 1082 1554 1176 1623; x_wconf 90' lang='lat' dir='ltr'>unda;</span> 
     </span>
     <span class='ocr_line' id='line_1_13' title="bbox 367 1653 1205 1735; baseline 0.002 -21"><span class='ocrx_word' id='word_1_77' title='bbox 367 1653 428 1714; x_wconf 89' lang='lat' dir='ltr'>Nec</span> <span class='ocrx_word' id='word_1_78' title='bbox 451 1660 555 1732; x_wconf 79' lang='lat' dir='ltr'>questu</span> <span class='ocrx_word' id='word_1_79' title='bbox 578 1655 711 1732; x_wconf 81' lang='lat' dir='ltr'>graviore</span> <span class='ocrx_word' id='word_1_80' title='bbox 733 1672 843 1715; x_wconf 88' lang='lat' dir='ltr'>sonans</span> <span class='ocrx_word' id='word_1_81' title='bbox 864 1653 1082 1734; x_wconf 75' lang='lat' dir='ltr'>lachrymabilis</span> <span class='ocrx_word' id='word_1_82' title='bbox 1103 1654 1205 1735; x_wconf 82' lang='lat' dir='ltr'>implet</span> 
     </span>
    </p>

    <p class='ocr_par' dir='ltr' id='par_1_5' title="bbox 314 1755 1215 2241">
     <span class='ocr_line' id='line_1_14' title="bbox 314 1755 1205 1835; baseline 0.008 -23"><span class='ocrx_word' id='word_1_83' title='bbox 314 1772 353 1814; x_wconf 75' lang='lat' dir='ltr'>aas</span> <span class='ocrx_word' id='word_1_84' title='bbox 368 1755 553 1815; x_wconf 84' lang='lat' dir='ltr'>Commotum</span> <span class='ocrx_word' id='word_1_85' title='bbox 576 1755 736 1816; x_wconf 81' lang='lat' dir='ltr'>Philomela</span> <span class='ocrx_word' id='word_1_86' title='bbox 759 1774 864 1817; x_wconf 89' lang='lat' dir='ltr'>nemus</span> <span class='ocrx_word' id='word_1_87' title='bbox 886 1763 1049 1835; x_wconf 74' lang='lat' dir='ltr'>maeretque</span> <span class='ocrx_word' id='word_1_88' title='bbox 1071 1758 1205 1819; x_wconf 90' lang='lat' dir='ltr'>cauendo</span> 
     </span>
     <span class='ocr_line' id='line_1_15' title="bbox 370 1857 1197 1938; baseline 0.005 -21"><span class='ocrx_word' id='word_1_89' title='bbox 370 1857 540 1918; x_wconf 89' lang='lat' dir='ltr'>Threicium</span> <span class='ocrx_word' id='word_1_90' title='bbox 564 1859 610 1935; x_wconf 90' lang='lat' dir='ltr'>pia</span> <span class='ocrx_word' id='word_1_91' title='bbox 633 1864 727 1918; x_wconf 91' lang='lat' dir='ltr'>mater</span> <span class='ocrx_word' id='word_1_92' title='bbox 749 1857 832 1938; x_wconf 82' lang='lat' dir='ltr'>ltym.</span> <span class='ocrx_word' id='word_1_93' title='bbox 856 1857 928 1928; x_wconf 85' lang='lat' dir='ltr'>Quis</span> <span class='ocrx_word' id='word_1_94' title='bbox 951 1858 1073 1920; x_wconf 91' lang='lat' dir='ltr'>credere</span> <span class='ocrx_word' id='word_1_95' title='bbox 1095 1867 1197 1938; x_wconf 86' lang='lat' dir='ltr'>posset</span> 
     </span>
     <span class='ocr_line' id='line_1_16' title="bbox 367 1958 1133 2022; baseline 0.004 -3"><span class='ocrx_word' id='word_1_96' title='bbox 367 1958 423 2020; x_wconf 81' lang='lat' dir='ltr'>Tot</span> <span class='ocrx_word' id='word_1_97' title='bbox 446 1965 503 2019; x_wconf 86' lang='lat' dir='ltr'>tam</span> <span class='ocrx_word' id='word_1_98' title='bbox 525 1960 609 2020; x_wconf 86' lang='lat' dir='ltr'>triste</span> <span class='ocrx_word' id='word_1_99' title='bbox 632 1958 718 2021; x_wconf 92' lang='lat' dir='ltr'>bouis</span> <span class='ocrx_word' id='word_1_100' title='bbox 740 1978 804 2021; x_wconf 86' lang='lat' dir='ltr'>sese</span> <span class='ocrx_word' id='word_1_101' title='bbox 827 1959 1032 2021; x_wconf 86' lang='lat' dir='ltr'>obiicientibus</span> <span class='ocrx_word' id='word_1_102' title='bbox 1054 1961 1133 2022; x_wconf 90' lang='lat' dir='ltr'>ultro</span> 
     </span>
     <span class='ocr_line' id='line_1_17' title="bbox 367 2061 1215 2143; baseline 0.002 -21"><span class='ocrx_word' id='word_1_103' title='bbox 367 2061 514 2139; x_wconf 86' lang='lat' dir='ltr'>lrreptum</span> <span class='ocrx_word' id='word_1_104' title='bbox 537 2062 580 2121; x_wconf 91' lang='lat' dir='ltr'>ire</span> <span class='ocrx_word' id='word_1_105' title='bbox 603 2061 712 2123; x_wconf 91' lang='lat' dir='ltr'>malum</span> <span class='ocrx_word' id='word_1_106' title='bbox 734 2069 764 2124; x_wconf 87' lang='lat' dir='ltr'>et</span> <span class='ocrx_word' id='word_1_107' title='bbox 786 2063 881 2123; x_wconf 91' lang='lat' dir='ltr'>media</span> <span class='ocrx_word' id='word_1_108' title='bbox 904 2064 983 2123; x_wconf 89' lang='lat' dir='ltr'>iuter</span> <span class='ocrx_word' id='word_1_109' title='bbox 1005 2061 1068 2123; x_wconf 89' lang='lat' dir='ltr'>heta</span> <span class='ocrx_word' id='word_1_110' title='bbox 1092 2071 1215 2143; x_wconf 88' lang='lat' dir='ltr'>repente</span> 
     </span>
     <span class='ocr_line' id='line_1_18' title="bbox 366 2152 1062 2241; baseline -0.003 -17"><span class='ocrx_word' id='word_1_111' title='bbox 366 2163 529 2224; x_wconf 83' lang='lat' dir='ltr'>Turbatum</span> <span class='ocrx_word' id='word_1_112' title='bbox 552 2163 651 2224; x_wconf 92' lang='lat' dir='ltr'>induci</span> <span class='ocrx_word' id='word_1_113' title='bbox 674 2152 805 2241; x_wconf 70' lang='lat' dir='ltr'>tempus]</span> <span class='ocrx_word' id='word_1_114' title='bbox 829 2162 933 2225; x_wconf 88' lang='lat' dir='ltr'>lallace</span> <span class='ocrx_word' id='word_1_115' title='bbox 955 2182 1062 2225; x_wconf 89' lang='lat' dir='ltr'>sereno</span> 
     </span>
    </p>

    <p class='ocr_par' dir='ltr' id='par_1_6' title="bbox 315 2263 1221 2736">
     <span class='ocr_line' id='line_1_19' title="bbox 315 2263 1059 2338; baseline 0.004 -15"><span class='ocrx_word' id='word_1_116' title='bbox 315 2285 354 2323; x_wconf 78' lang='lat' dir='ltr'>aso</span> <span class='ocrx_word' id='word_1_117' title='bbox 368 2263 470 2338; x_wconf 83' lang='lat' dir='ltr'>Qualia</span> <span class='ocrx_word' id='word_1_118' title='bbox 493 2271 628 2325; x_wconf 89' lang='lat' dir='ltr'>contecto</span> <span class='ocrx_word' id='word_1_119' title='bbox 651 2264 803 2326; x_wconf 86' lang='lat' dir='ltr'>involvunt</span> <span class='ocrx_word' id='word_1_120' title='bbox 820 2284 853 2327; x_wconf 92' lang='lat' dir='ltr'>se</span> <span class='ocrx_word' id='word_1_121' title='bbox 876 2264 974 2326; x_wconf 89' lang='lat' dir='ltr'>nubila</span> <span class='ocrx_word' id='word_1_122' title='bbox 998 2264 1059 2326; x_wconf 86' lang='lat' dir='ltr'>sole</span> 
     </span>
     <span class='ocr_line' id='line_1_20' title="bbox 368 2367 1209 2447; baseline 0.005 -20"><span class='ocrx_word' id='word_1_123' title='bbox 368 2368 567 2447; x_wconf 86' lang='lat' dir='ltr'>Ereptumquo</span> <span class='ocrx_word' id='word_1_124' title='bbox 590 2367 668 2428; x_wconf 91' lang='lat' dir='ltr'>diem</span> <span class='ocrx_word' id='word_1_125' title='bbox 690 2367 853 2428; x_wconf 77' lang='lat' dir='ltr'>infuscant?</span> <span class='ocrx_word' id='word_1_126' title='bbox 875 2369 954 2440; x_wconf 82' lang='lat' dir='ltr'>Quas</span> <span class='ocrx_word' id='word_1_127' title='bbox 976 2368 1061 2428; x_wconf 85' lang='lat' dir='ltr'>auxia</span> <span class='ocrx_word' id='word_1_128' title='bbox 1083 2368 1209 2430; x_wconf 77' lang='lat' dir='ltr'>fratrum</span> 
     </span>
     <span class='ocr_line' id='line_1_21' title="bbox 366 2468 1221 2549; baseline 0.004 -20"><span class='ocrx_word' id='word_1_129' title='bbox 366 2470 466 2531; x_wconf 85' lang='lat' dir='ltr'>&#39;larba</span> <span class='ocrx_word' id='word_1_130' title='bbox 490 2476 586 2529; x_wconf 85' lang='lat' dir='ltr'>movet</span> <span class='ocrx_word' id='word_1_131' title='bbox 608 2468 789 2549; x_wconf 79' lang='lat' dir='ltr'>lachrymas?</span> <span class='ocrx_word' id='word_1_132' title='bbox 812 2488 885 2549; x_wconf 89' lang='lat' dir='ltr'>quas</span> <span class='ocrx_word' id='word_1_133' title='bbox 907 2487 966 2530; x_wconf 91' lang='lat' dir='ltr'>nou</span> <span class='ocrx_word' id='word_1_134' title='bbox 989 2470 1091 2531; x_wconf 86' lang='lat' dir='ltr'>allecta</span> <span class='ocrx_word' id='word_1_135' title='bbox 1113 2473 1221 2533; x_wconf 89' lang='lat' dir='ltr'>minori</span> 
     </span>
     <span class='ocr_line' id='line_1_22' title="bbox 367 2570 1158 2649; baseline 0.001 -18"><span class='ocrx_word' id='word_1_136' title='bbox 367 2572 466 2632; x_wconf 81' lang='lat' dir='ltr'>hloesta</span> <span class='ocrx_word' id='word_1_137' title='bbox 490 2570 592 2631; x_wconf 91' lang='lat' dir='ltr'>dolore</span> <span class='ocrx_word' id='word_1_138' title='bbox 613 2572 717 2632; x_wconf 80' lang='lat' dir='ltr'>sorori</span> <span class='ocrx_word' id='word_1_139' title='bbox 740 2571 818 2633; x_wconf 88' lang='lat' dir='ltr'>Talis</span> <span class='ocrx_word' id='word_1_140' title='bbox 841 2591 873 2633; x_wconf 92' lang='lat' dir='ltr'>se</span> <span class='ocrx_word' id='word_1_141' title='bbox 895 2573 999 2632; x_wconf 77' lang='lat' dir='ltr'>latuere</span> <span class='ocrx_word' id='word_1_142' title='bbox 1021 2570 1158 2649; x_wconf 89' lang='lat' dir='ltr'>plauctus</span> 
     </span>
     <span class='ocr_line' id='line_1_23' title="bbox 370 2672 1164 2736; baseline 0.003 -2"><span class='ocrx_word' id='word_1_143' title='bbox 370 2674 460 2735; x_wconf 86' lang='lat' dir='ltr'>blorit</span> <span class='ocrx_word' id='word_1_144' title='bbox 482 2672 519 2734; x_wconf 95' lang='lat' dir='ltr'>ab</span> <span class='ocrx_word' id='word_1_145' title='bbox 542 2672 688 2734; x_wconf 87' lang='lat' dir='ltr'>llectoreo</span> <span class='ocrx_word' id='word_1_146' title='bbox 710 2680 781 2734; x_wconf 91' lang='lat' dir='ltr'>tunc</span> <span class='ocrx_word' id='word_1_147' title='bbox 804 2692 872 2735; x_wconf 90' lang='lat' dir='ltr'>cum</span> <span class='ocrx_word' id='word_1_148' title='bbox 895 2673 1068 2736; x_wconf 89' lang='lat' dir='ltr'>miserabilis</span> <span class='ocrx_word' id='word_1_149' title='bbox 1090 2693 1164 2736; x_wconf 90' lang='lat' dir='ltr'>auro</span> 
     </span>
    </p>

    <p class='ocr_par' dir='ltr' id='par_1_7' title="bbox 315 2776 1168 3263">
     <span class='ocr_line' id='line_1_24' title="bbox 315 2776 1157 2856; baseline 0.004 -23"><span class='ocrx_word' id='word_1_150' title='bbox 315 2794 353 2834; x_wconf 74' lang='lat' dir='ltr'>aas</span> <span class='ocrx_word' id='word_1_151' title='bbox 369 2777 448 2838; x_wconf 81' lang='lat' dir='ltr'>Caesa</span> <span class='ocrx_word' id='word_1_152' title='bbox 471 2776 645 2837; x_wconf 87' lang='lat' dir='ltr'>redemisset</span> <span class='ocrx_word' id='word_1_153' title='bbox 667 2776 782 2854; x_wconf 82' lang='lat' dir='ltr'>genitor</span> <span class='ocrx_word' id='word_1_154' title='bbox 804 2794 856 2837; x_wconf 90' lang='lat' dir='ltr'>sua</span> <span class='ocrx_word' id='word_1_155' title='bbox 879 2777 1019 2856; x_wconf 83' lang='lat' dir='ltr'>pignora,</span> <span class='ocrx_word' id='word_1_156' title='bbox 1044 2777 1157 2838; x_wconf 86' lang='lat' dir='ltr'>circum</span> 
     </span>
     <span class='ocr_line' id='line_1_25' title="bbox 367 2876 1104 2955; baseline -0.003 -15"><span class='ocrx_word' id='word_1_157' title='bbox 367 2878 447 2940; x_wconf 88' lang='lat' dir='ltr'>Orba</span> <span class='ocrx_word' id='word_1_158' title='bbox 471 2879 555 2940; x_wconf 86' lang='lat' dir='ltr'>sedet</span> <span class='ocrx_word' id='word_1_159' title='bbox 577 2884 687 2948; x_wconf 91' lang='lat' dir='ltr'>mater,</span> <span class='ocrx_word' id='word_1_160' title='bbox 710 2878 793 2940; x_wconf 84' lang='lat' dir='ltr'>sedet</span> <span class='ocrx_word' id='word_1_161' title='bbox 815 2876 1005 2955; x_wconf 83' lang='lat' dir='ltr'>implacabilis</span> <span class='ocrx_word' id='word_1_162' title='bbox 1028 2897 1104 2939; x_wconf 82' lang='lat' dir='ltr'>uror</span> 
     </span>
     <span class='ocr_line' id='line_1_26' title="bbox 367 2979 1115 3060; baseline -0.001 -19"><span class='ocrx_word' id='word_1_163' title='bbox 367 2982 404 3042; x_wconf 90' lang='lat' dir='ltr'>Et</span> <span class='ocrx_word' id='word_1_164' title='bbox 426 2979 506 3041; x_wconf 91' lang='lat' dir='ltr'>nullo</span> <span class='ocrx_word' id='word_1_165' title='bbox 528 2980 693 3060; x_wconf 80' lang='lat' dir='ltr'>lachrymas</span> <span class='ocrx_word' id='word_1_166' title='bbox 715 2981 785 3041; x_wconf 90' lang='lat' dir='ltr'>lletu</span> <span class='ocrx_word' id='word_1_167' title='bbox 808 2981 958 3041; x_wconf 88' lang='lat' dir='ltr'>minuente</span> <span class='ocrx_word' id='word_1_168' title='bbox 979 2997 1115 3049; x_wconf 87' lang='lat' dir='ltr'>sorores,</span> 
     </span>
     <span class='ocr_line' id='line_1_27' title="bbox 368 3082 1121 3161; baseline -0.004 -17"><span class='ocrx_word' id='word_1_169' title='bbox 368 3082 563 3161; x_wconf 84' lang='lat' dir='ltr'>Evelluntque</span> <span class='ocrx_word' id='word_1_170' title='bbox 587 3100 686 3143; x_wconf 93' lang='lat' dir='ltr'>comas</span> <span class='ocrx_word' id='word_1_171' title='bbox 709 3090 738 3142; x_wconf 90' lang='lat' dir='ltr'>ct</span> <span class='ocrx_word' id='word_1_172' title='bbox 758 3090 851 3144; x_wconf 77' lang='lat' dir='ltr'>tonse</span> <span class='ocrx_word' id='word_1_173' title='bbox 874 3089 994 3161; x_wconf 86' lang='lat' dir='ltr'>pectora</span> <span class='ocrx_word' id='word_1_174' title='bbox 1017 3082 1121 3161; x_wconf 91' lang='lat' dir='ltr'>palmis</span> 
     </span>
     <span class='ocr_line' id='line_1_28' title="bbox 366 3183 1168 3263; baseline -0.004 -16"><span class='ocrx_word' id='word_1_175' title='bbox 366 3189 471 3262; x_wconf 81' lang='lat' dir='ltr'>Ungue</span> <span class='ocrx_word' id='word_1_176' title='bbox 493 3202 584 3262; x_wconf 83' lang='lat' dir='ltr'>genas</span> <span class='ocrx_word' id='word_1_177' title='bbox 605 3184 752 3252; x_wconf 87' lang='lat' dir='ltr'>laceraut;</span> <span class='ocrx_word' id='word_1_178' title='bbox 776 3186 876 3245; x_wconf 88' lang='lat' dir='ltr'>miseri</span> <span class='ocrx_word' id='word_1_179' title='bbox 901 3183 1036 3263; x_wconf 78' lang='lat' dir='ltr'>lugubria</span> <span class='ocrx_word' id='word_1_180' title='bbox 1060 3184 1168 3245; x_wconf 83' lang='lat' dir='ltr'>iratres</span> 
     </span>
    </p>

    <p class='ocr_par' dir='ltr' id='par_1_8' title="bbox 314 3286 1264 3774">
     <span class='ocr_line' id='line_1_29' title="bbox 314 3286 1264 3366; baseline 0.003 -23"><span class='ocrx_word' id='word_1_181' title='bbox 314 3304 352 3345; x_wconf 81' lang='lat' dir='ltr'>eoo</span> <span class='ocrx_word' id='word_1_182' title='bbox 368 3289 501 3366; x_wconf 82' lang='lat' dir='ltr'>Corpora</span> <span class='ocrx_word' id='word_1_183' title='bbox 524 3288 553 3346; x_wconf 91' lang='lat' dir='ltr'>iu</span> <span class='ocrx_word' id='word_1_184' title='bbox 576 3287 643 3363; x_wconf 82' lang='lat' dir='ltr'>igue</span> <span class='ocrx_word' id='word_1_185' title='bbox 666 3286 765 3347; x_wconf 88' lang='lat' dir='ltr'>locant</span> <span class='ocrx_word' id='word_1_186' title='bbox 787 3287 971 3365; x_wconf 88' lang='lat' dir='ltr'>llammisque</span> <span class='ocrx_word' id='word_1_187' title='bbox 994 3286 1150 3364; x_wconf 88' lang='lat' dir='ltr'>rapacibus</span> <span class='ocrx_word' id='word_1_188' title='bbox 1172 3295 1264 3348; x_wconf 89' lang='lat' dir='ltr'>urunt</span> 
     </span>
     <span class='ocr_line' id='line_1_30' title="bbox 366 3387 1241 3468; baseline -0.002 -18"><span class='ocrx_word' id='word_1_189' title='bbox 366 3391 441 3468; x_wconf 91' lang='lat' dir='ltr'>Spes</span> <span class='ocrx_word' id='word_1_190' title='bbox 464 3390 565 3467; x_wconf 82' lang='lat' dir='ltr'>patriae</span> <span class='ocrx_word' id='word_1_191' title='bbox 588 3388 779 3468; x_wconf 84' lang='lat' dir='ltr'>llauaumque</span> <span class='ocrx_word' id='word_1_192' title='bbox 802 3394 913 3458; x_wconf 88' lang='lat' dir='ltr'>metus,</span> <span class='ocrx_word' id='word_1_193' title='bbox 936 3394 996 3449; x_wconf 86' lang='lat' dir='ltr'>tota</span> <span class='ocrx_word' id='word_1_194' title='bbox 1019 3387 1095 3450; x_wconf 85' lang='lat' dir='ltr'>urbe</span> <span class='ocrx_word' id='word_1_195' title='bbox 1118 3395 1241 3468; x_wconf 76' lang='lat' dir='ltr'>vagatur</span> 
     </span>
     <span class='ocr_line' id='line_1_31' title="bbox 365 3489 1172 3569; baseline -0.005 -17"><span class='ocrx_word' id='word_1_196' title='bbox 365 3492 487 3558; x_wconf 81' lang='lat' dir='ltr'>bloeror,</span> <span class='ocrx_word' id='word_1_197' title='bbox 511 3497 543 3550; x_wconf 87' lang='lat' dir='ltr'>nt</span> <span class='ocrx_word' id='word_1_198' title='bbox 565 3489 691 3551; x_wconf 83' lang='lat' dir='ltr'>exclusis</span> <span class='ocrx_word' id='word_1_199' title='bbox 713 3491 829 3552; x_wconf 87' lang='lat' dir='ltr'>dubites</span> <span class='ocrx_word' id='word_1_200' title='bbox 850 3498 928 3553; x_wconf 88' lang='lat' dir='ltr'>stare</span> <span class='ocrx_word' id='word_1_201' title='bbox 950 3491 1063 3569; x_wconf 84' lang='lat' dir='ltr'>integra</span> <span class='ocrx_word' id='word_1_202' title='bbox 1086 3490 1172 3551; x_wconf 84' lang='lat' dir='ltr'>Grais</span> 
     </span>
     <span class='ocr_line' id='line_1_32' title="bbox 367 3593 1260 3672; baseline -0.003 -17"><span class='ocrx_word' id='word_1_203' title='bbox 367 3595 509 3671; x_wconf 84' lang='lat' dir='ltr'>Pergama</span> <span class='ocrx_word' id='word_1_204' title='bbox 532 3599 561 3651; x_wconf 92' lang='lat' dir='ltr'>et</span> <span class='ocrx_word' id='word_1_205' title='bbox 583 3593 658 3652; x_wconf 88' lang='lat' dir='ltr'>iutra</span> <span class='ocrx_word' id='word_1_206' title='bbox 682 3595 761 3671; x_wconf 88' lang='lat' dir='ltr'>ipsos</span> <span class='ocrx_word' id='word_1_207' title='bbox 784 3611 899 3672; x_wconf 71' lang='lat' dir='ltr'>quaeras</span> <span class='ocrx_word' id='word_1_208' title='bbox 921 3611 1002 3654; x_wconf 91' lang='lat' dir='ltr'>arma</span> <span class='ocrx_word' id='word_1_209' title='bbox 1025 3593 1119 3652; x_wconf 74' lang='lat' dir='ltr'>Attica</span> <span class='ocrx_word' id='word_1_210' title='bbox 1142 3610 1260 3661; x_wconf 89' lang='lat' dir='ltr'>muros;</span> 
     </span>
     <span class='ocr_line' id='line_1_33' title="bbox 367 3694 1129 3774; baseline 0 -19"><span class='ocrx_word' id='word_1_211' title='bbox 367 3694 472 3756; x_wconf 82' lang='lat' dir='ltr'>Iliades</span> <span class='ocrx_word' id='word_1_212' title='bbox 494 3694 638 3771; x_wconf 82' lang='lat' dir='ltr'>plangunt</span> <span class='ocrx_word' id='word_1_213' title='bbox 660 3700 769 3755; x_wconf 89' lang='lat' dir='ltr'>matres</span> <span class='ocrx_word' id='word_1_214' title='bbox 790 3696 951 3774; x_wconf 74' lang='lat' dir='ltr'>patriaque</span> <span class='ocrx_word' id='word_1_215' title='bbox 972 3701 1129 3773; x_wconf 87' lang='lat' dir='ltr'>perempto</span> 
     </span>
    </p>

    <p class='ocr_par' dir='ltr' id='par_1_9' title="bbox 314 3795 1167 4283">
     <span class='ocr_line' id='line_1_34' title="bbox 314 3795 1054 3875; baseline -0.005 -17"><span class='ocrx_word' id='word_1_216' title='bbox 314 3818 352 3859; x_wconf 80' lang='lat' dir='ltr'>aas</span> <span class='ocrx_word' id='word_1_217' title='bbox 367 3796 506 3858; x_wconf 85' lang='lat' dir='ltr'>Praesidio</span> <span class='ocrx_word' id='word_1_218' title='bbox 530 3797 621 3864; x_wconf 85' lang='lat' dir='ltr'>cives,</span> <span class='ocrx_word' id='word_1_219' title='bbox 645 3812 704 3855; x_wconf 92' lang='lat' dir='ltr'>uuo</span> <span class='ocrx_word' id='word_1_220' title='bbox 727 3815 792 3857; x_wconf 88' lang='lat' dir='ltr'>sese</span> <span class='ocrx_word' id='word_1_221' title='bbox 815 3798 912 3857; x_wconf 89' lang='lat' dir='ltr'>omnia</span> <span class='ocrx_word' id='word_1_222' title='bbox 936 3795 1054 3875; x_wconf 91' lang='lat' dir='ltr'>planctu</span> 
     </span>
     <span class='ocr_line' id='line_1_35' title="bbox 365 3896 1163 3977; baseline -0.001 -18"><span class='ocrx_word' id='word_1_223' title='bbox 365 3900 461 3977; x_wconf 72' lang='lat' dir='ltr'>Atque</span> <span class='ocrx_word' id='word_1_224' title='bbox 483 3916 543 3959; x_wconf 94' lang='lat' dir='ltr'>uuo</span> <span class='ocrx_word' id='word_1_225' title='bbox 567 3896 697 3959; x_wconf 86' lang='lat' dir='ltr'>clamore</span> <span class='ocrx_word' id='word_1_226' title='bbox 718 3906 853 3967; x_wconf 80' lang='lat' dir='ltr'>movent,</span> <span class='ocrx_word' id='word_1_227' title='bbox 877 3899 978 3977; x_wconf 72' lang='lat' dir='ltr'>Sygaea</span> <span class='ocrx_word' id='word_1_228' title='bbox 1001 3898 1163 3959; x_wconf 84' lang='lat' dir='ltr'>retundunt</span> 
     </span>
     <span class='ocr_line' id='line_1_36' title="bbox 365 3999 1163 4079; baseline -0.001 -19"><span class='ocrx_word' id='word_1_229' title='bbox 365 4002 475 4061; x_wconf 82' lang='lat' dir='ltr'>Littera</span> <span class='ocrx_word' id='word_1_230' title='bbox 499 4017 573 4079; x_wconf 75' lang='lat' dir='ltr'>qaros</span> <span class='ocrx_word' id='word_1_231' title='bbox 596 4001 715 4078; x_wconf 88' lang='lat' dir='ltr'>capiunt</span> <span class='ocrx_word' id='word_1_232' title='bbox 736 4001 858 4060; x_wconf 83' lang='lat' dir='ltr'>sonitus</span> <span class='ocrx_word' id='word_1_233' title='bbox 882 3999 943 4060; x_wconf 89' lang='lat' dir='ltr'>Nos</span> <span class='ocrx_word' id='word_1_234' title='bbox 965 4000 1093 4076; x_wconf 82' lang='lat' dir='ltr'>segniter</span> <span class='ocrx_word' id='word_1_235' title='bbox 1117 4000 1163 4059; x_wconf 90' lang='lat' dir='ltr'>isti</span> 
     </span>
     <span class='ocr_line' id='line_1_37' title="bbox 365 4099 1167 4180; baseline -0.005 -17"><span class='ocrx_word' id='word_1_236' title='bbox 365 4103 395 4163; x_wconf 90' lang='lat' dir='ltr'>Si</span> <span class='ocrx_word' id='word_1_237' title='bbox 418 4108 537 4162; x_wconf 88' lang='lat' dir='ltr'>teneant</span> <span class='ocrx_word' id='word_1_238' title='bbox 558 4107 656 4162; x_wconf 89' lang='lat' dir='ltr'>motus</span> <span class='ocrx_word' id='word_1_239' title='bbox 678 4108 765 4180; x_wconf 89' lang='lat' dir='ltr'>atque</span> <span class='ocrx_word' id='word_1_240' title='bbox 788 4102 864 4162; x_wconf 89' lang='lat' dir='ltr'>hanc</span> <span class='ocrx_word' id='word_1_241' title='bbox 887 4107 1021 4178; x_wconf 88' lang='lat' dir='ltr'>torpente</span> <span class='ocrx_word' id='word_1_242' title='bbox 1044 4099 1167 4161; x_wconf 86' lang='lat' dir='ltr'>lleamus</span> 
     </span>
     <span class='ocr_line' id='line_1_38' title="bbox 366 4201 1127 4283; baseline -0.001 -19"><span class='ocrx_word' id='word_1_243' title='bbox 366 4204 495 4265; x_wconf 89' lang='lat' dir='ltr'>Tristitia</span> <span class='ocrx_word' id='word_1_244' title='bbox 518 4203 647 4274; x_wconf 86' lang='lat' dir='ltr'>cladem,</span> <span class='ocrx_word' id='word_1_245' title='bbox 670 4210 810 4282; x_wconf 88' lang='lat' dir='ltr'>poterunt</span> <span class='ocrx_word' id='word_1_246' title='bbox 831 4201 976 4283; x_wconf 78' lang='lat' dir='ltr'>syhaequc</span> <span class='ocrx_word' id='word_1_247' title='bbox 1000 4202 1127 4279; x_wconf 83' lang='lat' dir='ltr'>leraeque</span> 
     </span>
    </p>
   </div>
   <div class='ocr_carea' id='block_1_3' title="bbox 207 4360 363 4368">
    <p class='ocr_par' dir='ltr' id='par_1_10' title="bbox 207 4360 363 4368">
     <span class='ocr_line' id='line_1_39' title="bbox 207 4360 363 4368; baseline -0.006 0"><span class='ocrx_word' id='word_1_248' title='bbox 207 4360 363 4368; x_wconf 84' lang='lat'><strong>.--.-.--—·</strong></span> 
     </span>
    </p>
   </div>
   <div class='ocr_carea' id='block_1_4' title="bbox 163 4445 1431 4780">
    <p class='ocr_par' dir='ltr' id='par_1_11' title="bbox 163 4445 1431 4780">
     <span class='ocr_line' id='line_1_40' title="bbox 231 4445 1430 4523; baseline -0.006 -13"><span class='ocrx_word' id='word_1_249' title='bbox 231 4459 265 4492; x_wconf 76' lang='lat'>²⁸⁵</span> <span class='ocrx_word' id='word_1_250' title='bbox 283 4461 393 4510; x_wconf 84' lang='lat' dir='ltr'>succisa</span> <span class='ocrx_word' id='word_1_251' title='bbox 412 4461 501 4523; x_wconf 72' lang='lat' dir='ltr'>lllpt.</span> <span class='ocrx_word' id='word_1_252' title='bbox 521 4455 554 4490; x_wconf 72' lang='lat'>²⁴⁴</span> <span class='ocrx_word' id='word_1_253' title='bbox 573 4463 655 4509; x_wconf 85' lang='lat' dir='ltr'>sonat</span> <span class='ocrx_word' id='word_1_254' title='bbox 672 4465 701 4508; x_wconf 78' lang='lat'>11.</span> <span class='ocrx_word' id='word_1_255' title='bbox 721 4475 764 4508; x_wconf 79' lang='lat' dir='ltr'>aec</span> <span class='ocrx_word' id='word_1_256' title='bbox 784 4462 810 4508; x_wconf 82' lang='lat'>3.</span> <span class='ocrx_word' id='word_1_257' title='bbox 880 4458 995 4521; x_wconf 82' lang='lat' dir='ltr'>lacrym.</span> <span class='ocrx_word' id='word_1_258' title='bbox 1011 4461 1036 4509; x_wconf 84' lang='lat'>3.</span> <span class='ocrx_word' id='word_1_259' title='bbox 1100 4453 1134 4488; x_wconf 76' lang='lat'>¹⁴⁵</span> <span class='ocrx_word' id='word_1_260' title='bbox 1152 4455 1317 4507; x_wconf 83' lang='lat' dir='ltr'>Philomana</span> <span class='ocrx_word' id='word_1_261' title='bbox 1335 4458 1382 4504; x_wconf 85' lang='lat' dir='ltr'>l.2.</span> <span class='ocrx_word' id='word_1_262' title='bbox 1399 4445 1430 4498; x_wconf 77' lang='lat' dir='ltr'>Cl-</span> 
     </span>
     <span class='ocr_line' id='line_1_41' title="bbox 164 4527 1431 4608; baseline -0.002 -13"><span class='ocrx_word' id='word_1_263' title='bbox 164 4547 198 4595; x_wconf 86' lang='lat' dir='ltr'>ad</span> <span class='ocrx_word' id='word_1_264' title='bbox 221 4543 303 4595; x_wconf 68' lang='lat' dir='ltr'>utto</span> <span class='ocrx_word' id='word_1_265' title='bbox 324 4545 416 4594; x_wconf 86' lang='lat' dir='ltr'>adnot.</span> <span class='ocrx_word' id='word_1_266' title='bbox 452 4527 685 4607; x_wconf 29' lang='lat' dir='ltr'>²⁵²‘lacrymosi</span> <span class='ocrx_word' id='word_1_267' title='bbox 726 4541 760 4574; x_wconf 72' lang='lat'>²⁸³</span> <span class='ocrx_word' id='word_1_268' title='bbox 778 4560 803 4592; x_wconf 87' lang='lat' dir='ltr'>v.</span> <span class='ocrx_word' id='word_1_269' title='bbox 817 4542 875 4594; x_wconf 79' lang='lat'><strong>253.</strong></span> <span class='ocrx_word' id='word_1_270' title='bbox 889 4541 960 4608; x_wconf 69' lang='lat' dir='ltr'>squ]</span> <span class='ocrx_word' id='word_1_271' title='bbox 974 4542 1017 4592; x_wconf 77' lang='lat' dir='ltr'>(ll.</span> <span class='ocrx_word' id='word_1_272' title='bbox 1032 4542 1129 4606; x_wconf 85' lang='lat' dir='ltr'>Odyss.</span> <span class='ocrx_word' id='word_1_273' title='bbox 1143 4543 1328 4597; x_wconf 78' lang='lat' dir='ltr'>xxt111.r.f.</span> <span class='ocrx_word' id='word_1_274' title='bbox 1360 4534 1431 4583; x_wconf 59' lang='lat' dir='ltr'>&#39;&#39;ll‘&#39;</span> 
     </span>
     <span class='ocr_line' id='line_1_42' title="bbox 167 4619 1430 4692; baseline -0.006 -14"><span class='ocrx_word' id='word_1_275' title='bbox 167 4646 274 4692; x_wconf 83' lang='lat' dir='ltr'>urymas</span> <span class='ocrx_word' id='word_1_276' title='bbox 288 4634 314 4680; x_wconf 83' lang='grc'>3.</span> <span class='ocrx_word' id='word_1_277' title='bbox 378 4627 524 4678; x_wconf 80' lang='lat' dir='ltr'>²⁶²Maeror</span> <span class='ocrx_word' id='word_1_278' title='bbox 544 4631 569 4678; x_wconf 82' lang='lat'>3.</span> <span class='ocrx_word' id='word_1_279' title='bbox 633 4636 718 4690; x_wconf 84' lang='lat' dir='ltr'>recte,</span> <span class='ocrx_word' id='word_1_280' title='bbox 736 4630 785 4678; x_wconf 79' lang='lat' dir='ltr'>sed</span> <span class='ocrx_word' id='word_1_281' title='bbox 801 4635 892 4678; x_wconf 79' lang='lat' dir='ltr'>contra</span> <span class='ocrx_word' id='word_1_282' title='bbox 909 4630 1023 4679; x_wconf 73' lang='lat' dir='ltr'>auctoris</span> <span class='ocrx_word' id='word_1_283' title='bbox 1040 4629 1255 4679; x_wconf 67' lang='lat' dir='ltr'>consemineis.</span> <span class='ocrx_word' id='word_1_284' title='bbox 1315 4624 1398 4689; x_wconf 80' lang='lat' dir='ltr'>Grajis</span> <span class='ocrx_word' id='word_1_285' title='bbox 1412 4619 1430 4668; x_wconf 75' lang='lat'>3·</span> 
     </span>
     <span class='ocr_line' id='line_1_43' title="bbox 163 4709 1324 4780; baseline 0.001 -19"><span class='ocrx_word' id='word_1_286' title='bbox 163 4710 197 4744; x_wconf 78' lang='lat'>²⁸⁸</span> <span class='ocrx_word' id='word_1_287' title='bbox 215 4713 327 4778; x_wconf 78' lang='lat' dir='ltr'>Sigeum</span> <span class='ocrx_word' id='word_1_288' title='bbox 345 4713 462 4764; x_wconf 80' lang='lat' dir='ltr'>Troadis</span> <span class='ocrx_word' id='word_1_289' title='bbox 480 4715 707 4780; x_wconf 85' lang='lat' dir='ltr'>promontorium,</span> <span class='ocrx_word' id='word_1_290' title='bbox 726 4714 773 4764; x_wconf 87' lang='lat' dir='ltr'>ubi</span> <span class='ocrx_word' id='word_1_291' title='bbox 791 4713 864 4765; x_wconf 82' lang='lat' dir='ltr'>ostia</span> <span class='ocrx_word' id='word_1_292' title='bbox 881 4713 1040 4764; x_wconf 83' lang='lat' dir='ltr'>Simoentis.</span> <span class='ocrx_word' id='word_1_293' title='bbox 1092 4709 1126 4746; x_wconf 49' lang='grc' dir='ltr'>’θ’</span> <span class='ocrx_word' id='word_1_294' title='bbox 1144 4714 1278 4779; x_wconf 65' lang='lat' dir='ltr'>silvisque</span> <span class='ocrx_word' id='word_1_295' title='bbox 1298 4717 1324 4764; x_wconf 79' lang='grc'>3.</span> 
     </span>
    </p>
   </div>
   <div class='ocr_carea' id='block_1_5' title="bbox 0 0 1640 5354">
    <p class='ocr_par' dir='ltr' id='par_1_12' title="bbox 0 0 1640 5354">
     <span class='ocr_line' id='line_1_44' title="bbox 0 0 1640 5354; baseline 0 0"><span class='ocrx_word' id='word_1_296' title='bbox 0 0 1640 5354; x_wconf 95' lang='lat' dir='ltr'> </span> 
     </span>
    </p>
   </div>
  </div>
 </body>
</html>
