3270 5354
174 365 248 435 558
279 380 457 433 ADDENDA
469 380 519 429 AD
533 379 616 429 VOL.
630 380 667 431 11.
686 378 1008 431 cccxxxx11*.ucuec11
1022 394 1143 432 suanm
1158 396 1365 434 cummutan-

718 547 911 598 CALLIOPE.

325 639 413 693 stadt
435 651 512 693 meus
533 640 561 692 in
583 642 681 690 tantas
701 638 832 692 animarit
853 640 971 707 pectora
989 637 1085 693 triades

374 722 453 777 Iitius
474 727 500 776 et
521 723 603 777 docili
618 723 696 776 iussit
716 723 826 775 ratione
847 724 949 785 teneri,

375 805 453 873 Quod
474 808 546 861 tuate
566 806 725 873 doctarum,
748 806 822 877 quad
841 820 935 878 repam
956 807 1053 877 culpus
1075 806 1223 874 abhorret,

376 891 497 946 Tandem
519 892 704 963 amplectetur
725 891 858 963 deceptus
879 895 906 947 et
926 891 1063 947 kactenus
1080 892 1165 950 ariis.

767 1003 859 1064 CLIO.

373 1091 426 1158 Qui
439 1106 499 1147 sese
514 1093 616 1147 medias
633 1109 690 1164 pra
709 1107 774 1147 uera
796 1095 871 1147 misit
890 1095 919 1148 in
941 1091 1049 1159 nastes,

321 1195 358 1234 su>
373 1176 440 1249 Ipse
452 1177 552 1248 pedem
574 1177 670 1232 mediis
690 1177 797 1248 reseret
817 1192 924 1250 quaque
940 1178 975 1232 ab
995 1178 1136 1246 aestibus,
1160 1183 1248 1252 atque

373 1261 427 1328 chi
444 1261 640 1317 subduxerunt
661 1276 735 1327 sese,
758 1278 825 1316 nean
846 1262 955 1317 eadere
977 1268 1057 1335 terpa

371 1346 486 1402 Idaeum
508 1348 628 1419 incipiet,
645 1349 717 1417 petit
734 1346 809 1401 hunc
830 1347 946 1402 uictoria
964 1348 1057 1419 finem.

715 1458 908 1510 GALLIOPE.

372 1549 497 1617 Patientia
515 1563 677 1620 mapnarum
693 1551 817 1620 capitum
833 1563 864 1603 se
880 1562 1021 1621 opponere
1042 1563 1107 1605 vcra

371 1633 570 1689 Commoditate
591 1635 635 1687 rei
647 1635 790 1705 propria,
813 1638 870 1688 tum
893 1634 996 1688 uiribus
1017 1636 1081 1689 ausi

318 1736 356 1777 aaa
371 1717 472 1772 Fidere
492 1732 714 1790 communemque
734 1717 872 1773 huminum
888 1718 1001 1789 finxere
1021 1720 1152 1775 salutem:

370 1802 543 1874 Campastam
563 1801 708 1858 Huttenus
729 1803 866 1858 reserabit
885 1801 992 1873 fraude
1011 1804 1138 1859 satutem.

764 1916 857 1966 oeta.

371 2007 422 2061 Aa
444 2019 493 2077 epa
514 2005 580 2061 loeta
600 2008 662 2060 sinu
677 2006 808 2061 uirtutem
830 2007 949 2077 denique
970 2006 1073 2061 lassam

371 2091 520 2161 Francisci
536 2093 690 2161 accipiam,
709 2090 903 2162 pulcherrima
920 2093 1041 2161 praemia
1063 2090 1148 2162 fessae

370 2175 493 2247 Larpiar
513 2181 599 2247 atque
619 2177 721 2230 iterum
743 2177 771 2229 im
786 2177 893 2230 mamru
910 2178 1039 2246 pericula
1062 2178 1180 2230 mittam.

319 2262 523 2317 andetennam
541 2265 584 2315 est
607 2262 719 2315 uirtutis
740 2276 824 2331 opus,
846 2259 1038 2330 pulcherrima
1059 2274 1165 2317 merces

369 2346 438 2417 Ipsa
454 2345 518 2411 sibi,
539 2347 666 2416 ipnauam
687 2359 850 2417 semperque
873 2359 961 2399 caasa
982 2347 1098 2417 quictem

370 2430 479 2485 Gaudet
501 2432 529 2484 ia
547 2432 673 2502 anqustis
690 2443 751 2485 sese
770 2430 931 2485 extendisse
949 2431 1070 2499 periclis.

713 2541 907 2594 GALLIOPE.

369 2632 451 2688 Nunc
471 2632 571 2688 Decius
589 2634 710 2688 iuuenem
731 2636 902 2688 reverentem
920 2631 1040 2704 sommus
1058 2634 1141 2705 msa,

368 2716 431 2773 Nou
452 2720 524 2772 satis
544 2720 573 2772 ia
592 2719 659 2773 satis
680 2718 804 2772 Brutum
825 2722 852 2772 et
874 2719 922 2790 qui
941 2719 1064 2773 vendicet
1085 2720 1173 2773 armis

317 2819 355 2862 ssu
377 2802 436 2857 Vim
458 2817 576 2876 querere
594 2803 714 2869 illatam,
738 2801 847 2857 monitis
869 2818 931 2858 cum
949 2803 1048 2858 cedere
1069 2802 1145 2858 nabs's

368 2889 456 2943 Arma
477 2889 591 2960 puerine
608 2893 702 2959 patest
725 2889 815 2942 uictus
835 2889 945 2943 ratione
962 2887 1106 2943 decentis?

368 2974 424 3030 Jtta
446 2990 509 3045 quae
523 2974 628 3044 peterit
651 2973 707 3028 dici
724 2974 870 3027 clementia
890 2974 978 3027 maiar

368 3057 572 3114 Praemanuisse
593 3059 679 3114 mali?
700 3062 819 3113 excusat
841 3059 985 3113 clementia
1007 3060 1087 3113 uires.

762 3171 854 3222 CLIO.

368 3260 541 3335 Eaequimur
564 3265 673 3326 teneres,
694 3276 791 3329 saror,
813 3278 831 3314 a
848 3260 1021 3334 pravioribus
1039 3275 1120 3317 orsus

317 3362 354 3401 sss
370 3346 427 3400 lias
451 3347 524 3411 tetis,
550 3351 641 3400 tamen
665 3363 749 3400 unum
770 3360 841 3418 opus
862 3350 918 3412 est,
941 3360 1082 3401 unumeu
1102 3345 1257 3414 luneseia,

369 3428 422 3497 Qtri
441 3430 490 3484 tibi
506 3430 632 3485 sublimes
648 3433 782 3486 commisit
805 3429 928 3488 uersibus
945 3446 1047 3496 auras,

365 3514 490 3570 Heroum
510 3517 651 3586 inspirare
672 3517 770 3570 animis
791 3516 974 3587 mirandaque
990 3516 1083 3588 sacta.

712 3628 902 3680 CALLIOPE.

373 3716 430 3772 Vite
451 3719 572 3789 ipiturue
590 3724 678 3788 putas
700 3721 778 3774 tenui
797 3733 848 3773 nas
865 3719 976 3789 pectine
991 3732 1105 3790 mapnas

367 3803 528 3857 Cantentsse
551 3804 678 3858 autimas?
701 3808 731 3858 tu
752 3807 887 3875 quantum
907 3817 1024 3875 surpere
1045 3817 1154 3875 cunque

315 3904 353 3944 ssa
368 3887 455 3942 Posse
473 3892 575 3959 putas,
597 3890 623 3942 si
641 3888 725 3960 sacta
749 3890 791 3944 tui
809 3887 977 3943 contradere
1000 3889 1106 3943 alumni

365 3972 498 4044 Deficies,
520 3974 546 4027 si
564 3972 642 4044 sorte
665 3975 746 4041 netis,
770 3978 798 4028 et
819 3974 895 4028 lassa
918 3972 1061 4045 mitesces?

762 4086 854 4138 CLIO.

364 4176 536 4248 Linpuarum
557 4173 727 4231 Reucidinus
748 4177 853 4243 aanor,
875 4175 1017 4248 facundus
1037 4175 1175 4233 Erasmus

367 4260 566 4332 Thespiadum,
586 4277 685 4332 mapno
704 4261 831 4317 debemus
848 4275 934 4316 sacra
956 4260 1096 4322 Lutisera:

365 4349 402 4400 At
424 4362 470 4401 res
492 4346 641 4401 Francisci
661 4349 767 4419 inpenia
789 4349 971 4401 instauratur
988 4350 1140 4419 equestris,

313 4446 352 4487 sss
372 4431 461 4503 thue
478 4431 519 4485 itti
533 4433 562 4485 in
583 4433 692 4499 multis,
715 4434 755 4486 sic
773 4432 818 4486 tric
837 4431 986 4504 perfectus
1007 4434 1035 4487 iu
1055 4449 1120 4488 una.

161 4563 367 4573 ψ*

228 4644 454 4712 ¹¹⁴sesalsedt
525 4643 612 4690 ’ΜΝ-
627 4647 671 4697 cf.
685 4646 739 4699 val.
753 4650 775 4699 1.
789 4665 815 4714 p.
828 4647 888 4698 449.
902 4647 942 4709 ἓξ.
956 4657 1030 4701 tuit.
1099 4647 1134 4682 ⁸³⁰
1157 4664 1282 4716 querere
1300 4652 1334 4701 Ι.
1402 4663 1448 4700 cst·

162 4730 225 4780 desc
244 4736 276 4778 n.
329 4729 360 4764 ⁸³¹
381 4733 467 4797 quaeri
485 4738 565 4782 neu.
613 4731 646 4767 ³¹³
663 4731 863 4800 Thespiadum]
882 4735 1031 4786 Musarum.
