3270 5354
231 384 650 429 minuamurmnunvrr
660 386 695 421 vn
706 386 817 423 usrnvu
827 388 855 423 rs
867 389 991 424 veneres
1002 389 1373 434 rnoanaexuorsruontrrr.
1400 365 1471 437 149

385 529 451 612 Quo
472 549 557 621 prater
579 542 726 604 iiuttenus
748 541 826 604 beiio
847 552 896 604 trra
911 545 1002 629 ‘signa
1023 554 1165 623 sequutus

336 662 372 705 aas
465 644 550 722 Saepe
572 644 643 703 inihi
665 644 752 714 dixit,
775 652 901 724 quantus
923 647 951 705 iu
975 664 1055 707 arura
1079 665 1164 709 ruas:

384 746 481 809 Sentit
502 747 580 807 enim
603 748 738 826 viresque
760 754 826 807 tuas
848 750 1000 826 sensitque
1023 749 1168 826 rigorem,

466 848 540 909 Cum
561 847 697 908 manibus
719 856 832 908 tantun
856 832 1085 927 prosequeretur
1108 869 1192 930 opus.

383 949 518 1028 Undique
539 951 651 1030 pacatis
673 948 764 1009 rebus
787 948 924 1028 ireiioque
946 952 1088 1029 receptis,
1190 1007 1194 1015 .

334 1072 370 1113 us
463 1051 587 1122 Quando
609 1049 716 1111 hostile
737 1050 809 1111 nihil
832 1052 888 1111 iarn
910 1069 1067 1130 superesse
1087 1061 1188 1131 putas,

382 1153 465 1215 Tune
488 1171 558 1214 rero
580 1151 704 1214 Helvetii
727 1151 805 1232 sylva
826 1160 914 1231 atque
937 1172 953 1214 e
975 1154 1124 1215 montibus
1146 1155 1204 1216 iliis

466 1256 536 1316 nusi
558 1257 639 1317 inte
662 1257 739 1316 vires
761 1256 940 1315 constituere
962 1273 1049 1325 suas;

367 1355 460 1429 -iJuos
481 1356 564 1426 iicet,
587 1364 619 1418 ut
640 1357 757 1426 deceat,
781 1356 912 1417 uondunr
935 1373 1092 1435 superasse
1114 1361 1242 1438 punieris,

332 1478 368 1520 no
463 1456 500 1518 Et
522 1476 571 1519 res
592 1457 622 1518 in
644 1458 735 1521 dubio
756 1459 885 1537 pendeat
906 1460 960 1518 ista
982 1466 1074 1528 statu,

379 1559 456 1621 Hora
479 1567 577 1621 umen
600 1561 697 1622 reniet
717 1561 944 1640 intermissoque
964 1561 1116 1640 triumpho

461 1663 565 1740 Aptius
586 1661 644 1722 hoo
664 1661 735 1722 oiim
757 1669 891 1738 ternpore
912 1668 1029 1740 tempus
1051 1664 1121 1723 erit:

378 1763 482 1826 Invidit
504 1763 634 1825 Fortuna
656 1762 710 1823 tibi
732 1762 908 1842 laudemque
930 1769 1044 1825 morata
1067 1773 1110 1825 est

330 1886 366 1928 seo
412 1850 414 1854 ¹
461 1866 546 1944 saepe
568 1867 652 1944 prius
673 1867 787 1942 maguis
809 1864 893 1925 obvia
917 1867 992 1927 iacta
1017 1867 1099 1934 viris;

378 1969 512 2047 Cumque
534 1968 611 2028 ioret
632 1985 696 2045 quae
718 1974 746 2027 te
770 1973 865 2044 eoepto
888 1975 1041 2029 revocaret
1062 1967 1099 2028 ab
1122 1971 1177 2029 isto

461 2068 570 2139 Causa,
594 2069 688 2130 refers
710 2066 836 2147 populos
857 2067 941 2131 hoste
963 2076 1081 2146 petente
1102 2077 1183 2142 tuos;

376 2310 436 2379 Quo
458 2320 537 2386 pater
559 2310 694 2367 liutteuus
717 2307 789 2367 bello
813 2319 858 2367 tua
881 2311 958 2384 sigua
981 2319 1092 2368 secutus

462 2396 538 2472 Saepe
561 2396 625 2453 mihi
648 2395 730 2459 dixit,
754 2404 872 2470 quantus
894 2396 922 2451 in
945 2414 1018 2453 arma
1040 2414 1117 2453 ruas:

378 2483 458 2538 Novit
479 2481 549 2539 enirn
573 2481 700 2555 virosque
723 2489 783 2536 tuas
808 2485 982 2554 orrirnumquo
1003 2482 1144 2553 probavit,

295 2567 299 2574 '
325 2582 363 2625 stt
459 2566 524 2623 Curn
547 2566 670 2623 inanibus
693 2574 799 2623 tanturn
821 2575 1036 2641 prosequeretur
1058 2585 1136 2642 opus.

379 2652 500 2727 Undique
522 2652 626 2726 pacatis
648 2650 730 2708 rebus
752 2651 880 2726 belloque
903 2652 1044 2726 receptis„

460 2737 532 2792 Drion
555 2736 624 2792 nidi!
644 2737 746 2793 hostilis
768 2736 819 2792 ianr
841 2754 984 2811 superesse
1007 2745 1100 2811 prutes,

380 2822 447 2878 Tum
469 2839 534 2877 vero
556 2821 670 2879 lieivotii
691 2823 766 2897 sylva
789 2830 871 2896 atque
893 2838 931 2879 ex
952 2822 1091 2878 montibus
1115 2822 1168 2881 illis

325 2924 365 2965 aro
457 2907 522 2963 Ausi
547 2907 575 2962 iu
598 2915 623 2963 te
645 2923 735 2963 suevos
755 2909 898 2963 exeruisse
919 2922 1034 2966 monus,-
1405 2928 1461 2979 (ssu

375 2990 450 3059 Quos
472 2989 535 3048 lieet
559 2988 599 3067 (ut
621 2989 709 3065 uelles)
733 2993 852 3048 nonduin
875 2997 1019 3066 superasse
1036 2993 1158 3064 sororis,

460 3075 493 3132 Et
515 3093 559 3132 res
580 3092 618 3133 ex
640 3075 722 3132 dubio
744 3077 860 3151 pendeat
882 3076 934 3133 ista
957 3083 1043 3138 statu,

377 3160 448 3218 flora
472 3169 562 3217 tamen
584 3161 673 3217 veniet
696 3160 912 3235 intermissisque
934 3162 1065 3232 trophaeis
1404 3181 1461 3232 (orn

324 3262 364 3305 sto
459 3246 558 3321 Aptius
580 3248 632 3303 hoc
655 3244 720 3302 olim
744 3254 866 3319 tempore
890 3255 996 3318 ternpus
1019 3245 1085 3301 erit:
1374 3250 1461 3315 'ister

376 3330 472 3387 invidit
495 3331 614 3387 Fortuna
638 3333 689 3387 tuis
707 3334 806 3386 iniusto
828 3331 988 3402 trinepotes,

466 3414 500 3472 dr
518 3432 628 3489 semper
650 3431 762 3489 mopsus
780 3416 893 3487 impedit
910 3417 956 3471 itta
979 3417 1063 3471 uiros
1405 3435 1463 3487 (590)

377 3500 498 3575 Cumque
521 3501 592 3557 foret
615 3519 675 3574 quae
699 3511 725 3557 te
748 3510 838 3577 copto
862 3508 1001 3557 revocaret
1023 3500 1055 3555 air
1080 3500 1132 3557 isto

324 3602 364 3643 err
459 3585 558 3648 Carisa,
582 3587 670 3643 refers
691 3584 810 3660 populos
834 3587 912 3642 hoste
936 3594 1044 3660 petente
1069 3594 1146 3649 tuos;
1406 3604 1462 3656 (seo)

237 3818 274 3853 “²
290 3825 403 3872 secutus
416 3824 491 3872 3...5.
542 3819 572 3853 ⁵¹⁰
590 3820 656 3871 Cum
674 3820 890 3886 potentorum,
909 3821 1083 3883 manuforti,
1103 3822 1131 3870 in
1150 3826 1206 3872 tuni
1225 3822 1465 3887 greviHelretico

173 3904 246 3957 bello
258 3910 405 3973 pugnaret.
452 3903 486 3937 ⁶¹⁸
502 3904 678 3956 Helvetienm
691 3904 793 3955 beilum
806 3923 831 3955 o.
848 3905 921 3955 1408.
935 3906 969 3956 nb
983 3905 1139 3957 incursione
1153 3899 1337 3957 Grisonum'iu
1350 3906 1464 3957 Tirolim

172 3992 321 4059 incipiens,
339 3988 435 4058 proiio
453 3978 647 4041 liorneekensi
665 3989 848 4050 Caesnrienis,
869 3990 1065 4054 quorumnam
1084 3993 1150 4041 eaesi
1169 3992 1309 4055 feruntur,
1328 3990 1463 4043 infelieiu-

171 4076 240 4127 eino
257 4088 384 4142 paceque
401 4075 553 4125 Bssitiensi
571 4075 596 4125 d.
610 4076 651 4122 22.
665 4076 740 4139 Sept.
756 4091 780 4124 e.
797 4074 869 4124 lton.
890 4076 985 4125 exiens
1003 4077 1149 4140 ‹lesi-,ripsit
1167 4076 1397 4137 Pirekheirnerus,
1419 4077 1465 4141 qui

172 4158 451 4225 norimbergensibus
467 4161 525 4210 unis
542 4160 692 4225 praefectus
710 4159 884 4215 interfuerat.
914 4161 947 4209 In
964 4176 1016 4225 quo
1035 4161 1108 4210 bello
1127 4162 1244 4211 loannes
1256 4161 1410 4211 Nsueierus
1429 4161 1464 4211 ad

172 4258 197 4295 ι.
212 4240 289 4296 1409.
312 4257 408 4302 ..cass
425 4243 543 4296 diversis
562 4245 590 4294 iu
608 4244 679 4296 loeis
698 4242 807 4308 (inquit)
826 4249 855 4294 et
872 4246 972 4309 pugnis
991 4246 1113 4295 referunt
1131 4246 1181 4295 XX
1200 4245 1290 4303 milia,
1315 4247 1369 4296 etsi
1387 4261 1463 4295 num-

171 4344 254 4397 qum
272 4326 342 4379 totis
360 4330 448 4395 eopiis
466 4328 600 4380 boiletum
617 4331 679 4380 sit”.
733 4330 770 4378 Et
787 4330 922 4380 Unrestus
936 4330 1046 4393 (Chion.
1061 4332 1151 4382 nustr.
1164 4346 1190 4396 p.
1204 4329 1274 4394 808.)
1294 4329 1365 4394 „tino
1383 4331 1416 4396 iit
1431 4344 1464 4394 311

170 4424 311 4479 men.
326 4418 373 4466 m
388 4413 415 4476 [r
430 4414 469 4467 uit
486 4407 568 4478 sinn
585 4417 641 4467 tout
658 4413 688 4466 in
704 4421 749 4465 ero
767 4415 840 4477 posto
858 4414 926 4478 irino
944 4415 999 4467 uni
1017 4415 1068 4477 [tin
1088 4417 1185 4479 ionem,
1203 4422 1252 4468 ouo
1269 4418 1345 4480 siqu
1362 4428 1465 4480 nomon-

168 4512 217 4554 ιιι
234 4500 294 4565 m
316 4494 424 4563 norim
447 4499 480 4564 iit
501 4500 596 4563 unit,
621 4499 716 4551 uiroot
736 4500 790 4562 ooo
812 4499 858 4562 oui
873 4504 914 4550 oro
932 4512 995 4550 ron.
1015 4498 1230 4561 nestorianos
1249 4500 1311 4552 xit.
1330 4500 1367 4549 Μ.
1385 4511 1464 4553 nonu

168 4585 226 4639 m
243 4584 297 4649 [dn
314 4582 418 4646 mett.
436 4588 487 4636 ont
502 4590 544 4636 ππ
556 4584 696 4648 §nocitus
712 4584 768 4646 ouo
787 4584 826 4636 riu
844 4580 916 4646 orode
934 4583 1028 4647 ononis
1048 4584 1155 4646 norniq'.
1186 4582 1287 4646 (Stmv.
1302 4584 1382 4650 Corp.
1396 4585 1462 4636 hist.

170 4668 263 4720 Germ.
275 4668 312 4719 de
324 4668 397 4719 Mu.
409 4668 431 4718 1.
444 4669 469 4730 9.
481 4683 535 4719 xrr.
547 4669 565 4718 i.
580 4668 612 4730 f.)
664 4668 736 4719 silve
747 4673 771 4720 5.

143 4778 149 4791 ·
235 4751 272 4786 θ’*
288 4752 493 4819 interimiisii'qJ
509 4757 533 4804 1.
584 4750 618 4786 ⁸¹⁸
635 4753 726 4819 011an
743 4756 767 4804 1.
