3270 5354
229 348 298 419 170
323 379 440 414 annunt
455 380 489 413 ns:
503 378 593 413 BELLO
608 378 683 413 SVSC.
694 379 756 414 inv.
769 378 868 415 VENET.
879 379 913 414 ET
926 378 1031 414 TVRCAS
1046 379 1149 414 oliano
1161 380 1293 415 nxum..
1306 380 1370 418 RVG.
1381 382 1470 417 mesa.

220 539 314 613 sedus
335 555 370 594 oc
383 540 535 594 societatem
551 539 727 594 coniunxisse
741 554 802 595 cum
821 537 1048 593 Cbrr‘stianissimo
1070 545 1162 595 nostro
1177 538 1357 596 Francorum
1372 540 1456 613 Repe,
1476 549 1499 596 ut

222 626 320 681 beilum
333 625 468 680 aduersus
483 622 631 678 Christiani
650 626 764 679 nominis
784 623 873 679 bostes
890 622 998 679 Turcus
1010 629 1163 696 pereretur,
1181 625 1213 678 in
1229 640 1285 696 qua
1298 625 1408 699 quidem
1423 629 1498 682 socic-

222 716 276 767 tate
288 711 474 767 sanctissimus
490 710 613 764 dominus
627 717 719 765 noster
730 708 819 764 Intins
832 708 961 782 pontifex
974 711 1112 764 monimus
1127 714 1153 764 ct
1162 710 1324 781 Araponum
1336 710 1403 766 Rex
1416 710 1498 769 cono

222 798 291 853 licus
309 795 419 851 includi
429 795 509 850 etium
523 796 681 863 uoluerunt,
704 796 868 850 conscientia
890 794 1048 850 delictorum
1064 810 1099 849 oc
1117 794 1206 867 furiis
1221 796 1343 868 apdatus
1357 799 1500 853 medon

221 898 305 954 quam
320 882 470 936 maximum
483 880 579 950 potuit,
591 882 768 951 comparauit,
785 886 810 934 ct
821 878 1053 935 Christianissimo
1067 886 1160 936 nostro
1171 879 1353 937 Fromorum
1363 880 1438 955 Repo·
1446 897 1514 939 cuns

222 968 359 1023 sociarum
373 965 539 1021 exercitibus
559 980 589 1020 se
607 967 773 1037 coninnpere
790 968 956 1036 properanti
972 967 999 1020 in
1021 966 1085 1036 ripa
1103 965 1224 1037 fluminis
1237 964 1345 1022 Ardua
1363 972 1446 1023 totam
1459 984 1498 1039 op

167 1056 380 1126 §.spanorum
412 1048 456 1106 Ibi
469 1049 531 1121 fusi
548 1066 583 1105 ac
600 1051 742 1123 profligati
762 1049 903 1106 Venetiani
916 1050 1060 1106 Patauium
1082 1050 1176 1106 urbem
1190 1049 1291 1123 bnopno
1299 1052 1439 1124 praesidia
1451 1068 1498 1109 mu·

220 1140 344 1199 nicrum,
372 1153 456 1209 quam
479 1135 572 1191 orbem
594 1143 684 1191 uestra
707 1135 837 1191 casarea
857 1137 984 1191 maiestas
1004 1135 1090 1191 bieme
1110 1139 1227 1199 instante
1247 1151 1304 1191 non
1326 1138 1500 1211 cxpupnositr

193 1263 196 1267 «
222 1230 251 1280 at
263 1223 304 1279 ito·
317 1223 473 1296 [memores
490 1222 561 1293 sacti
577 1222 661 1301 mutto
681 1235 718 1276 ece
739 1220 783 1276 bis
803 1237 865 1292 ques
886 1222 1037 1276 amiserant
1055 1226 1304 1292 recuperaverunt,
1328 1222 1412 1295 ionpc
1424 1222 1500 1295 pisus

221 1324 303 1381 quom
332 1323 454 1380 unquam
484 1305 653 1373 babuerunt,
682 1307 737 1361 nisi
756 1306 949 1376 provideatur,
978 1308 1165 1375 consecuturi,
1188 1306 1302 1363 Italiam
1322 1314 1409 1380 atque
1428 1319 1522 1363 ιιιιιιιι

165 1408 209 1459 §.a
221 1393 387 1455 occidentale
405 1394 567 1465 imperium,
582 1394 608 1447 si
627 1393 707 1447 istam
721 1397 903 1463 tempestatem
918 1393 1064 1458 eraserint,
1079 1392 1212 1463 poutotim
1229 1395 1409 1465 occupouri.
1442 1390 1500 1461 Quo

218 1481 310 1535 omnio
325 1477 573 1536 Obristianissimus
592 1476 658 1532 Reor
677 1483 769 1532 noster
789 1478 866 1548 tonps
883 1478 1072 1549 prospiciens,
1094 1477 1219 1533 simulet
1237 1483 1366 1534 auertere
1386 1477 1500 1551 cupias.

217 1567 244 1621 si
263 1569 355 1621 uestra
377 1563 508 1621 Coesareo
527 1565 656 1618 maiestas
682 1562 813 1618 deliberat
833 1563 893 1618 itios
917 1562 983 1618 betto
1004 1564 1139 1635 prosequi
1165 1568 1191 1617 et
1210 1568 1303 1619 tontm
1322 1569 1416 1619 matus
1436 1578 1498 1621 cn·

217 1663 345 1721 poscere,
367 1663 403 1704 ne
423 1649 497 1704 bane
516 1650 638 1720 patriam
662 1654 793 1715 uestram,
812 1647 865 1703 bas
883 1646 1070 1729 fertilissimas
1091 1653 1117 1703 et
1136 1647 1354 1705 bellicosissimos
1375 1650 1499 1722 ΝΜ

216 1750 289 1808 quas
308 1752 326 1809 a
347 1733 496 1793 mammons
515 1736 612 1791 uestrn
632 1733 733 1789 liberos
751 1735 908 1804 accepistis,
924 1734 1044 1804 posteris
1061 1735 1156 1788 uestris
1176 1732 1354 1793 in‚seruitute
1367 1735 1520 1809 rohons

217 1822 265 1887 tis..
292 1825 319 1876 et
339 1835 397 1892 pro
421 1821 532 1891 imperii
559 1824 585 1874 et
605 1818 742 1875 Romanoe
769 1820 891 1874 ecclesie
911 1820 999 1874 solute
1021 1823 1047 1873 et
1070 1820 1209 1873 maiestate
1228 1818 1334 1875 tumdn
1353 1824 1440 1891 atque
1457 1834 1498 1875 aa·

215 1906 307 1980 pendo
324 1905 469 1977 pollicetur
489 1919 568 1960 omne
585 1905 720 1960 auxilinm
734 1909 817 1974 atque
830 1918 922 1975 opem,
943 1920 1026 1976 quam
1042 1904 1147 1969 amissas
1161 1904 1249 1959 amico
1267 1909 1296 1959 et
1311 1902 1412 1977 frater
1422 1902 1499 1979 [rabi

212 1997 355 2064 proestare
376 1996 495 2060 tenetur,
517 1990 667 2046 seeundum
680 1989 907 2046 Cameracensem
924 1987 1183 2061 confoederationem
1203 1990 1276 2045 inter·
1296 1994 1409 2045 melros
1429 1988 1496 2045 nds-

216 2083 300 2133 stutes
318 2076 435 2149 suctum
478 2076 587 2148 etquid
608 2076 789 2147 ‘pollicetur’t
813 2076 892 2130 immo
912 2077 968 2130 iam
989 2091 1096 2147 mapnoe
1116 2075 1174 2130 eius
1193 2078 1337 2146 monum
1357 2080 1495 2147 abque-pt·

218 2162 324 2219 desines
343 2165 430 2237 copia
449 2177 510 2217 cum
532 2163 653 2216 maximo
674 2167 869 2216 tormentorum
893 2166 1035 2233 oppnratu
1059 2159 1165 2216 bostiiiu
1187 2160 1286 2215 moersiu
1307 2161 1518 2217 cucumim

162 2255 245 2307 §.net
263 2261 363 2303 manus
384 2264 446 2303 cum
467 2246 545 2302 boste
563 2252 720 2304 conserunt.
765 2245 844 2313 Quod
872 2252 901 2301 ut
920 2251 1010 2301 uestra
1030 2259 1139 2318 quoque
1159 2242 1290 2301 bosom
1312 2246 1496 2313 maiestas‚et

216 2348 278 2400 uos,
297 2349 314 2388 o
335 2332 555 2389 reverendissimi
574 2347 609 2386 ae
622 2332 798 2386 ittsntrissimi
811 2345 946 2404 proceres
964 2336 990 2386 et
1008 2332 1127 2386 ciuitates
1142 2328 1260 2405 imperii
1272 2329 1400 2387 Romani
1415 2330 1495 2389 iiam

216 2416 318 2475 uiribm
338 2423 419 2490 atquae
438 2418 532 2473 eodem
551 2418 688 2472 celeritate
710 2421 749 2472 uti
769 2419 870 2483 vetitis,
893 2420 947 2471 trio
959 2418 1105 2489 precipue
1116 2422 1186 2472 ‚som
1198 2431 1262 2488 puts
1280 2422 1388 2473 uestros
1404 2416 1496 2473 urinas

217 2496 320 2581 ornus}
350 2504 471 2559 manime
501 2517 609 2559 mouere
639 2509 721 2575 nique
748 2505 921 2576 inflammare
947 2502 1056 2557 debent.-
1083 2503 1205 2573 primum
1237 2516 1303 2575 spes
1334 2500 1496 2569 nmmum,

217 2589 316 2644 deinde
335 2590 476 2661 tyrannis,
500 2596 595 2660 posteo
618 2602 713 2645 eorum
736 2589 771 2644 de
791 2591 920 2660 retiprone
936 2593 963 2644 et
984 2586 1144 2644 Gbristionis
1160 2586 1284 2643 omnibau
1301 2588 1376 2645 mute
1392 2589 1518 2649 meritmu

217 2674 251 2730 de
266 2673 375 2747 quibus,
396 2675 423 2729 si
439 2672 505 2729 mibi
521 2691 538 2729 a
556 2673 628 2731 uobr‘s
645 2674 727 2729 tribui
742 2675 908 2746 concedique
924 2676 1053 2740 sentiam,
1075 2672 1191 2729 breviter
1203 2672 1307 2729 dicturi
1322 2687 1430 2731 mus.

574 2823 619 2883 De
639 2840 691 2898 spe
721 2824 903 2884 Venetorum.
946 2822 1024 2881 Pars
1039 2822 1150 2898 primo.

163 2963 209 3013 §.s
304 2944 366 3001 Non
387 2946 458 3001 enim
481 2952 521 2999 est
541 2943 654 3016 difficile
674 2947 702 2998 in
723 2945 777 2999 iilis
798 2952 852 3000 tam
878 2943 997 3015 nefariis
1016 2950 1124 3016 tumque
1139 2942 1328 3017 fraudulentis
1347 2945 1499 3019 resistentib,

216 3031 245 3085 in
266 3037 323 3086 tam
341 3029 493 3087 conducibus
512 3037 622 3102 tomque
642 3030 768 3102 superbis
794 3031 915 3088 iconibus
941 3030 1130 3086 demonstrare
1157 3044 1286 3101 mapnuns
1313 3044 1394 3103 spem
1419 3028 1500 3104 sudat

216 3115 308 3173 Itaiioe
326 3118 462 3187 primum,
486 3116 584 3170 deinde
599 3115 748 3171 Christiani
773 3116 846 3171 orbis
866 3115 1044 3187 subiupondi:
1066 3132 1130 3170 nom
1152 3130 1188 3170 eo
1209 3116 1301 3171 omnia
1329 3132 1396 3191 quos
1420 3114 1459 3171 ad
1475 3113 1526 3171 idss

216 3203 376 3257 necessario
395 3206 471 3269 sunt,
492 3201 601 3256 abunde
621 3202 675 3256 iltis
695 3208 855 3274 suppetsmi,
880 3202 936 3256 doti
955 3200 1138 3272 aocupiditos
1152 3200 1313 3256 dominandi
1328 3209 1368 3269 st,
1391 3208 1423 3259 ut
1430 3214 1500 3273 pus·

214 3279 347 3363 mgni
372 3289 412 3342 cis
432 3287 585 3354 absolvam,
605 3274 741 3358 potentio:
766 3303 832 3341 nam
853 3301 900 3342 cos
920 3287 969 3358 qui
987 3288 1127 3358 superiori
1146 3291 1242 3341 oesiote
1260 3292 1394 3359 qmbuor
1409 3292 1500 3359 patm-

216 3373 331 3429 tissimos
353 3374 497 3444 principes
519 3371 737 3429 Christianorum
759 3375 787 3426 in
810 3372 965 3444 potentibus
993 3374 1100 3442 campis
1125 3377 1276 3443 expectare
1303 3376 1370 3427 sunt
1391 3372 1457 3427 ausi
1478 3375 1503 3426 ct

216 3458 321 3512 cabade
341 3459 426 3529 sipnis
444 3464 541 3528 aperto
562 3464 652 3511 morte
673 3457 820 3522 dimicare,
837 3457 964 3530 profecto
979 3457 1180 3529 potentissimos
1200 3455 1325 3513 bomiscos
1345 3458 1502 3513 crisme

215 3549 241 3597 et
262 3542 387 3598 iudicare
404 3542 538 3598 debemus.
585 3541 677 3609 Quare
695 3545 791 3598 sinatis
816 3558 863 3599 eos
888 3544 1084 3616 otimiantutum
1107 3546 1252 3598 crescere?
1278 3544 1325 3597 ‘At
1348 3549 1419 3599 suast
1435 3542 1528 3607 motin

160 3655 163 3665 ‹
216 3632 282 3682 mmt
297 3623 445 3682 diminuti!
465 3626 536 3683 Sunt
552 3628 674 3700 quidem:
696 3629 809 3701 ideoque
828 3629 868 3683 od
885 3627 1100 3701 eotinpuendum
1117 3627 1261 3700 saniores
1273 3644 1361 3700 quom
1377 3629 1406 3683 si
1417 3632 1502 3684 essem

162 3727 209 3777 in.
218 3714 324 3786 mispri.
370 3712 426 3767 Sed
442 3715 496 3767 nisi
513 3720 612 3768 vestroe
630 3716 849 3785 pereprinantur
871 3729 964 3781 aures,
984 3714 1133 3786 intettipere
1151 3713 1252 3769 demtis
1270 3712 1340 3788 quid
1352 3714 1410 3770 iam
1423 3726 1499 3769 recu·

209 3799 380 3871 percum,
402 3803 433 3852 ut
444 3813 475 3853 se
488 3800 544 3854 iam
559 3799 715 3871 refecerint.
755 3800 828 3871 qimd
848 3802 874 3854 si
892 3815 938 3856 eos
950 3800 1092 3871 ponbebtm
1108 3800 1254 3872 respirare
1261 3800 1462 3872 punimus,
1475 3803 1502 3853 ut

283 3979 292 4015 ¹
310 3981 411 4032 Foedns
424 3981 626 4032 Cameracense
638 3982 664 4031 d.
680 3981 719 4032 10.
733 3983 802 4033 Dec.
815 3999 841 4033 a.
857 3982 928 4034 1508.
942 3998 996 4034 non
1015 3989 1111 4034 contra
1123 3983 1228 4034 Tuscae
1245 3982 1296 4034 sod
1315 3989 1415 4037 contro
1431 3984 1501 4051 ipsos

215 4067 336 4117 Venetos
353 4067 452 4117 initum
471 4081 531 4117 esso
550 4082 638 4132 noque
657 4068 706 4118 hos
725 4068 771 4117 diu
789 4069 884 4135 fugere
902 4070 1000 4135 potuit.
1057 4067 1068 4100 ⁵
1086 4070 1219 4135 Loquitur
1236 4085 1271 4120 ao
1289 4071 1315 4121 si
1327 4070 1500 4122 Christianis

215 4153 299 4202 slmns
317 4168 365 4203 rex
384 4157 411 4203 et
430 4152 658 4204 clementissimus
677 4155 826 4221 imperator
844 4160 871 4204 et
889 4154 1079 4205 sanctissimus
1097 4150 1221 4220 pontiiei
1232 4155 1322 4207 bonos
1335 4156 1498 4208 amicosne·

215 4239 342 4288 neiinnos
359 4238 468 4289 visendi
486 4239 579 4303 gratio
597 4238 742 4290 adventuri
761 4239 886 4290 fuissent.
939 4238 950 4271 ⁸
968 4240 1057 4290 medio
1069 4256 1104 4290 m.
1117 4240 1192 4291 Maio
1206 4257 1230 4290 ιι.
1242 4238 1318 4305 libbi).
1333 4242 1407 4308 apud
1419 4242 1499 4308 Apso·

215 4323 290 4373 dedo.
342 4320 476 4388 'nrbem]
497 4339 529 4375 ex
547 4324 652 4374 ioedere
665 4324 809 4374 Camenae.
827 4324 1020 4376 Moximibinno
1038 4326 1247 4377 restituendam.
1298 4326 1310 4361 ⁸
1328 4325 1432 4395 hieme]
1451 4326 1499 4378 Ob·

214 4406 348 4458 sidionem
365 4408 486 4472 Potavii‚
505 4409 550 4459 die
570 4407 681 4459 l'i.1un.
696 4426 722 4460 a.
739 4407 812 4461 1509.
832 4426 849 4461 ιι
866 4412 1031 4463 Venetianis
1048 4411 1218 4488 recuperati,
1237 4410 1399 4464 Csestriani
1416 4429 1500 4480 ceps·

215 4497 280 4543 mut
302 4492 327 4542 d.
350 4493 388 4543 12.
403 4493 478 4559 Sept.
499 4509 524 4543 o.
539 4491 624 4557 1509„
649 4495 685 4546 ab
709 4495 804 4545 eudem
827 4501 1002 4548 recesserunt
1024 4498 1048 4548 d.
1066 4495 1091 4547 9.
1106 4497 1169 4548 Oet.
1239 4494 1262 4528 ⁸⁰
1286 4495 1462 4564 bobiuganali
1479 4499 1498 4547 t.

215 4572 237 4607 ⁸¹
257 4576 403 4642 suppetunt
419 4580 558 4644 potentia:
583 4578 651 4629 doli:
677 4595 711 4630 so
729 4580 867 4645 cupiditas
885 4581 1036 4631 dominisdi:
1055 4588 1086 4633 ot
1101 4587 1132 4633 nt
1149 4581 1248 4647 paneis
1266 4582 1387 4635 absolui.
1405 4586 1441 4634 ni
1457 4597 1499 4633 eos

217 4662 241 4710 1.
254 4660 321 4711 banc
336 4662 468 4713 uerborum
485 4664 649 4715 inversionem
671 4667 786 4731 sequitur
804 4670 829 4716 2.
900 4665 923 4699 ὓ
938 4668 952 4715 t
966 4668 1065 4718 addidi.
1134 4666 1222 4717 vieti?
1247 4668 1311 4718 inni
1332 4667 1498 4719 diminutib

217 4746 241 4793 1.
261 4743 376 4808 (dimin.)
389 4749 415 4798 2.
468 4747 593 4811 quidem?
612 4751 668 4799 1.2.
