3270 5354
361 384 486 423 {mm
493 384 537 425 Ab
547 382 682 421 (llum
694 358 906 419 nummulus(
918 376 1138 413 transumunt
1148 374 1244 411 111813.

361 541 396 603 lu
417 526 520 603 clades
537 539 654 617 Europa
676 555 760 603 suas:
782 533 948 612 respublica
970 532 1093 602 Christi,

362 643 429 705 lleu
448 642 571 705 nimium
593 657 698 701 scama
720 639 779 707 sui.
801 638 861 699 ruit
881 638 911 695 in
933 653 985 697 sua
1007 651 1140 714 preceps
1249 691 1252 719 ἶ

336 744 497 815 eviscerat,
520 741 726 821 crudeleisque
748 741 805 801 ciet
826 737 992 799 miseranda
1014 734 1171 798 tumultus:
1246 773 1250 780 -

363 846 465 909 Omnis
486 847 517 907 iu
538 843 650 906 ltaliam
673 843 766 905 tendit
788 842 886 910 luror;
909 842 971 918 ipse
994 839 1121 899 minatur

340 948 543 1011 'llorrilroam
565 945 646 1006 latio
669 953 798 1025 stragem
821 943 981 1010 Saturnus,
1006 948 1034 1001 et
1055 947 1119 1000 atro

365 1049 514 1129 lncrepuit
535 1047 659 1109 ldartem
681 1047 805 1114 intuitu;
827 1034 906 1107 Mars
928 1062 1009 1105 arma
1031 1059 1193 1120 necesque,

360 1150 566 1229 Sanguineum
587 1147 707 1211 molitur
729 1166 820 1228 opus:
842 1165 918 1209 saera
940 1146 1038 1206 omnia
1060 1150 1203 1220 regnant:

243 1256 253 1272 '
330 1273 354 1314 ro
368 1252 518 1315 coacessit
539 1251 577 1313 de
597 1251 664 1312 iure
683 1268 738 1311 suo
760 1249 951 1329 graditurque
973 1254 1135 1308 retrorsum

365 1354 491 1434 Iupiter,
514 1360 658 1433 ettotam
678 1352 730 1423 ¹dat
751 1351 865 1412 acerbis
888 1349 1018 1411 cladibus
1040 1366 1163 1415 aunum;

366 1456 456 1536 ldque
479 1454 553 1517 adeo
575 1462 709 1517 metuens
729 1462 760 1514 et
781 1471 840 1513 nou
863 1454 964 1529 ignara
989 1452 1077 1512 laturi

366 1557 416 1619 Bis
437 1557 691 1636 petit-obscurum
714 1562 743 1616 et
764 1554 863 1615 condit
884 1573 916 1615 sc
937 1554 1019 1614 Luna
1042 1552 1187 1623 tenebris;

367 1660 433 1739 lpse
456 1676 573 1739 quoque
595 1658 720 1719 obducta
743 1656 831 1735 pallet
853 1656 1001 1734 ferrugine
1024 1654 1123 1717 irater.

330 1783 355 1824 ts
369 1760 426 1822 Tot
447 1762 539 1838 siguis
560 1779 704 1822 monuere
726 1759 788 1820 del:
811 1759 1020 1838 praesensimus
1042 1775 1159 1831 omnes,

367 1862 449 1925 Cavit
468 1880 556 1924 nemo
579 1861 702 1931 malum;
725 1862 778 1922 sed
799 1879 855 1921 nec
877 1861 1006 1940 potuisse
1028 1859 1191 1938 putandum
1213 1867 1271 1920 est:

369 1965 494 2027 Antores
516 1965 555 2026 dii
577 1964 669 2026 cladis
691 1972 720 2025 et
741 1961 905 2024 accusabile
928 1962 1030 2021 latum.

369 2068 447 2129 Ecce
469 2086 540 2146 ergo
561 2069 658 2127 aerias
680 2068 741 2127 ruit
762 2065 818 2127 bae
841 2084 857 2125 a
880 2070 965 2145 parte
987 2081 1041 2141 per
1063 2062 1162 2144 alpais

368 2169 505 2231 Eliusnra
527 2171 642 2229 omneis
663 2171 770 2230 iterum
794 2168 951 2229 Germania
973 2167 1065 2235 vires,

330 2293 358 2335 ar
371 2270 507 2333 Substitit
526 2271 618 2332 iratus
640 2270 763 2331 Veronae
784 2270 830 2330 ad·
843 2271 948 2331 moeuia
971 2267 1068 2328 Cesar

371 2372 404 2434 ln
426 2372 523 2434 Latias
543 2372 710 2450 speculatus
732 2390 818 2450 opes,
842 2370 1127 2449 traxitqneleroces

373 2475 544 2536 libaturam
567 2473 693 2555 populos
715 2483 744 2535 et
765 2480 896 2534 amantes
918 2471 994 2533 bella
1017 2472 1129 2533 Silenos

372 2577 613 2656 Francorumque
636 2578 767 2655 equitum
789 2594 939 2654 nunquam
962 2573 1156 2653 expugnabile
1178 2574 1270 2635 robur

168 2714 374 2727 ——n-

167 2782 175 2817 ¹
193 2784 365 2839 Praeclarus
382 2781 405 2831 1.
423 2780 557 2841 Ludouici
574 2781 636 2830 XII.
656 2796 741 2847 gener
758 2794 968 2844 successorque,
992 2779 1037 2828 cui
1061 2780 1186 2845 pontifex
1205 2781 1263 2830 Leo
1280 2779 1313 2831 X.
1333 2780 1455 2843 larebat,

169 2885 229 2921 cum
247 2867 367 2919 Venetis
391 2866 496 2917 loeders
519 2866 664 2916 renovarit
687 2866 723 2930 (d.
737 2865 843 2916 27.1u1.
858 2882 883 2916 a.
900 2864 984 2928 1515.)
1004 2865 1208 2933 exercitumque
1229 2864 1303 2916 ultra
1326 2866 1458 2931 qulnqua-

168 2957 250 3021 ginta
274 2952 382 3003 milium
405 2966 459 3001 nou
483 2951 571 3001 solum
594 2967 626 3001 ex
650 2951 767 3001 dirersis
787 2950 939 3001 Galliarum
961 2949 1086 3015 partibus
1109 2951 1158 3001 sed
1177 2951 1350 3001 Germanicis
1373 2952 1458 3001 etiam

170 3038 380 3103 Helveticisque
399 3030 578 3087 mercenariis
596 3037 743 3086 conflatum
763 3037 790 3085 iu
808 3035 920 3086 ltaliam
938 3035 1027 3097 duxit,
1048 3035 1236 3101 Inarrbriasque
1255 3036 1386 3087 civitates
1405 3037 1457 3086 fre·

170 3125 219 3191 git
239 3138 313 3189 paca
338 3137 399 3173 cum
417 3120 556 3171 Heluetiis
578 3122 634 3170 iam
657 3121 801 3187 conposita
825 3120 874 3171 alii
891 3119 1028 3177 Helvetii,
1053 3120 1227 3186 conpellente
1252 3120 1392 3171 cardinale
1411 3120 1458 3170 Se·
1484 3176 1494 3193 .

170 3209 286 3259 dunensi
304 3207 426 3257 Matthia
443 3206 607 3269 Schinaero,
630 3207 659 3255 in
679 3206 821 3257 Gallorum
840 3211 934 3256 castra
957 3205 1029 3269 apud
1047 3206 1232 3256 Martinianum
1255 3206 1388 3256 invadunt
1411 3222 1458 3271 pu-

171 3308 297 3359 gnaque,
322 3306 404 3358 quam
421 3290 572 3341 Trivultius
596 3292 755 3358 giganteam
780 3291 943 3358 adpellabat
968 3296 995 3339 et
1018 3296 1079 3355 post
1101 3307 1182 3356 qnam
1200 3291 1343 3355 Bayardus
1367 3307 1458 3355 regem

172 3379 353 3429 Franciscura
371 3378 400 3429 ia
418 3377 541 3442 equitum
559 3377 680 3428 ordinem
698 3376 887 3442 sollempniter
905 3377 1026 3441 recepit,
1049 3376 1118 3426 victi
1136 3382 1199 3425 sunt
1222 3375 1259 3439 (d.
1276 3375 1313 3426 13.
1330 3375 1369 3425 lt.
1382 3378 1456 3441 Sept.

173 3462 311 3529 alula).
330 3462 484 3513 Castriani
508 3462 572 3512 iude
595 3462 684 3528 magis
707 3463 849 3529 magisque
874 3478 907 3513 ex
930 3461 1015 3511 ltalia
1043 3461 1252 3526 premebantur,
1281 3467 1311 3510 ut
1338 3477 1391 3512 nou
1419 3462 1460 3511 ita

172 3546 255 3617 louge
272 3552 434 3613 postauam
452 3547 588 3598 Veronam
608 3548 778 3612 optinerent‚
799 3546 897 3597 relicto
916 3545 1081 3595 Mediolano.
1152 3546 1211 3608 Que
1231 3550 1255 3596 4.
1308 3546 1460 3612 ’luppiter

174 3638 229 3687 6.7.
241 3620 324 3683 οιέἰο
340 3632 419 3693 infra.
477 3630 489 3663 ¹
507 3631 685 3697 crudelesque
704 3634 743 3682 8.
781 3631 803 3664 ¹³
821 3632 882 3698 dnae
900 3631 970 3681 lunae
989 3631 1108 3697 eclipses
1128 3631 1285 3681 inciderunt
1302 3632 1399 3682 diebus
1420 3632 1458 3681 lu.

175 3720 233 3769 lau.
246 3724 276 3768 et
296 3716 335 3768 ta.
348 3717 400 3768 1111.
408 3732 438 3787 a.
455 3716 592 3768 terassa
609 3717 671 3768 duoe
690 3719 774 3767 etiam
793 3717 859 3768 solis
879 3715 999 3783 eclipses
1017 3716 1090 3767 dieb.
1103 3717 1203 3769 «blau.
1217 3723 1245 3767 et
1262 3715 1304 3768 23.
1318 3718 1386 3767 Dee.
1402 3718 1460 3766 eius

176 3804 250 3853 anai.
322 3798 344 3835 ¹¹
362 3800 405 3853 Cf.
421 3803 507 3869 epigr.
520 3801 563 3853 96.
592 3829 624 3837 —
652 3804 693 3854 Ad
717 3802 783 3853 solis
807 3803 991 3853 defectionem
1017 3818 1041 3852 a.
1059 3800 1131 3851 1519.
1151 3803 1272 3866 pertinet
1296 3802 1460 3851 ‘Hermanni

175 3887 309 3939 Naeuarii
328 3885 446 3939 Comitis
464 3887 565 3952 lbclyti
585 3890 769 3954 epigramma,
794 3888 823 3937 in
846 3887 1031 3938 delectionem
1055 3888 1118 3939 folia
1140 3884 1220 3953 [sich
1245 3890 1273 3936 et
1297 3886 1460 3936 electionem

176 3972 272 4023 Caroli
289 3972 365 4038 regis
383 3972 574 4024 Romanorum.

300 4119 303 4124 Ι
379 4056 499 4108 Delitnit
516 4073 603 4123 nuper
621 4058 684 4109 coeli
703 4058 753 4109 sub
772 4060 878 4109 vertice
898 4056 1031 4119 Phoebus,

465 4142 647 4208 Occulnitque
667 4159 742 4193 suurn
761 4142 866 4193 Daelius
885 4144 944 4208 ipsa
965 4143 1052 4192 iubar.

378 4226 500 4278 Emeruit
517 4229 607 4278 subito
625 4229 747 4280 divinum
766 4228 885 4278 eastris
904 4233 1019 4290 astrum,

457 4312 577 4378 cunque
596 4330 666 4366 noro
685 4315 766 4365 rediit
785 4315 895 4364 Caesare
914 4313 1034 4363 Phoebus
1052 4328 1147 4363 ouans.

379 4397 454 4466 Ergo
472 4399 525 4451 boc
544 4401 598 4449 iam
616 4404 737 4463 coastat,
757 4414 810 4464 quo
828 4404 911 4464 pacto
930 4404 1028 4463 rogitet
1045 4402 1171 4461 uterque,

448 4484 568 4535 Phoebus
588 4485 659 4550 apud
678 4501 805 4550 superos,
827 4486 921 4534 Caesar
939 4485 968 4532 iu
986 4484 1050 4534 orbe
1071 4484 1159 4547 regit)

177 4568 282 4639 tegitur
291 4586 320 4637 p.
329 4568 357 4621 2.
368 4567 458 4621 libelli
472 4569 596 4633 inscripti
609 4570 717 4620 VlVllT
734 4568 738 4634 Ι
754 4571 826 4620 REX
843 4568 847 4634 Ι
863 4568 1045 4635 caltuquvs.
1062 4565 1066 4633 Ι
1120 4565 1217 4632 pallet]
1239 4566 1359 4631 squallet
1372 4570 1398 4617 3.
1407 4569 1431 4616 t.
1440 4570 1463 4619 3.

179 4656 201 4691 ¹¹
212 4655 293 4723 alpes
310 4658 336 4706 θ.
344 4660 368 4705 7.
386 4654 471 4721 Alpes
483 4656 508 4705 8.
557 4652 578 4686 ¹¹
595 4658 726 4705 omnesd.
773 4653 795 4686 ¹²
813 4655 970 4705 Rboetorum
989 4656 1048 4703 eald.
1059 4659 1160 4718 prater
1172 4656 1196 4702 8.
1250 4652 1385 4702 amanteis
1405 4656 1430 4703 3.
1439 4656 1462 4701 t.

177 4740 201 4775 ¹¹
219 4739 400 4811 exuperabile
419 4742 478 4791 Μ.
497 4754 591 4805 exsnp.
605 4744 629 4789 8.
