3270 5354
161 344 236 415 468
272 372 362 411 rrrsr.
372 370 512 407 vnsnonrs
526 369 632 406 crustu
645 368 745 405 cvsssr
759 369 794 403 nr
804 367 1153 404 rxvsrmmuomuvrrsrsr
1166 368 1201 403 rr
1212 367 1442 407 assumssrcrou

418 638 453 681 11t
472 638 695 681 mussitastis
710 636 832 679 soum
843 636 1013 679 eutimius
1027 637 1205 681 misissetis

343 715 402 760 SVB
422 714 512 757 autito
530 714 671 756 recatus
686 712 921 755 nnenalssmtt'u
936 713 1043 755 LVPVM
1059 713 1282 757 occurentem

535 797 693 855 HIBRON
697 797 754 852 YM
760 797 817 853 VM
836 797 1019 854 ALEANDR
1027 797 1084 854 VM

395 898 570 958 MARTINI
591 898 774 955 EVTHERI
795 896 952 966 QVIDAM
971 897 1221 956 DISCIPVWS.

363 1040 408 1094 An
430 1052 485 1092 non
507 1039 536 1091 in
553 1034 622 1107 salis
643 1034 695 1090 lioc
716 1049 777 1089 esse
797 1034 934 1104 videmus,
956 1042 985 1090 ut
1007 1050 1095 1108 usque

451 1121 642 1178 Christicolum
662 1121 908 1191 populumturpis
929 1120 1026 1191 Apella
1043 1125 1178 1192 premat?

363 1209 407 1262 An
428 1222 483 1261 non
501 1220 603 1278 verpus
623 1209 700 1273 erat,
722 1221 775 1278 quo
795 1204 891 1276 fretus
911 1202 1000 1260 Julius
1018 1207 1081 1261 olim

337 1311 349 1351 r
451 1289 541 1362 Impia
563 1295 604 1344 tot
625 1304 705 1362 repes
724 1293 806 1346 mooit
828 1290 868 1344 ad
885 1307 966 1344 arma
985 1293 1068 1361 pias?

363 1379 407 1432 Aa
425 1393 480 1433 noa
500 1390 602 1447 verpus
624 1380 701 1444 erat,
723 1375 797 1431 Iuda
818 1375 983 1430 sceleratior
1003 1377 1077 1446 ipso,

447 1461 505 1517 Per
526 1475 606 1532 quem
628 1465 780 1531 tempestas
801 1462 888 1515 sceoiit
911 1458 1132 1515 Hocistratica?

362 1549 446 1604 Nunc
466 1545 606 1602 Aleander
625 1545 715 1614 adest,
737 1547 866 1600 recutita
886 1546 976 1617 ploria
996 1548 1101 1617 pentir,

337 1651 350 1690 s
451 1632 633 1702 Intentatque
653 1631 720 1686 airis
740 1633 832 1686 omnia
854 1627 917 1684 dira
933 1631 1046 1701 probis:

365 1719 439 1774 Ecce
455 1721 569 1773 armata
593 1717 667 1770 oenit
684 1717 760 1786 fictis
781 1717 862 1787 niqra
886 1715 974 1770 bellua
998 1715 1076 1770 bullis
1128 1768 1131 1774 .

448 1804 488 1858 Et
509 1816 584 1857 ovem
600 1799 745 1855 simulans
756 1800 862 1855 hostica
880 1805 983 1855 cuncta
995 1805 1104 1872 parat,

365 1889 474 1944 Exurit
494 1886 594 1952 libros,
616 1888 704 1957 mapis
724 1886 887 1940 exurendus
908 1891 940 1939 at
957 1887 1029 1957 ipse,

327 1990 351 2030 m
451 1972 483 2027 Si
498 1975 614 2042 caperet
631 1971 721 2042 sactis
737 1973 858 2042 praemia
881 1971 964 2043 dipna
983 1974 1051 2026 sni's.

364 2057 427 2114 Hoc
444 2061 599 2113 monstrum
621 2056 714 2111 Caroli
733 2057 808 2127 repis
829 2070 860 2111 se
879 2058 964 2110 trusit
987 2057 1015 2110 in
1031 2056 1127 2110 aulam

449 2142 612 2199 Funestans
629 2140 717 2212 surii's
737 2143 829 2196 omnia
851 2141 916 2196 loeta
936 2141 1025 2196 malis.

364 2226 432 2300 Ipse
452 2229 516 2282 licet
531 2241 615 2280 sacro
634 2228 724 2298 finpat
746 2241 776 2281 se
794 2224 1040 2297 santumnium,

327 2329 351 2370 m
451 2315 581 2367 Attamen
602 2313 727 2384 apnoscit
745 2326 814 2382 pens
835 2314 956 2367 recutita
974 2326 1068 2376 saum,

365 2398 497 2471 Apnoselt
518 2412 633 2466 uerpum
655 2400 779 2468 strepitu
799 2411 853 2451 sua
873 2397 957 2454 uerba
978 2402 1139 2462 sonantem,

449 2484 580 2555 Ayuoscit
603 2483 723 2549 uultum,
744 2482 895 2537 mentulam
916 2486 944 2536 et
964 2483 1117 2554 inperium,-

365 2566 535 2641 Quacunque
556 2569 692 2638 aspicias,
715 2565 842 2623 Iudaeum
864 2572 966 2622 crincta
989 2569 1154 2638 loquuntur,

326 2668 352 2710 io
453 2653 565 2719 Sermo,
584 2652 670 2724 fides,
692 2666 796 2720 mores,
817 2667 862 2720 os,
885 2654 976 2721 color,
1001 2654 1060 2723 ipse
1076 2650 1198 2706 namtas

364 2736 438 2807 Quot
459 2742 586 2793 monstra
607 2737 653 2792 liic
674 2737 796 2793 lernam
817 2738 940 2808 conflata
962 2738 1084 2793 uidemus
1104 2739 1133 2791 iu
1154 2752 1258 2803 unam,

450 2822 514 2878 Sive
534 2821 639 2876 Midam
659 2828 783 2894 spectes,
805 2825 862 2879 siue
886 2822 1032 2878 Thrasona
1050 2824 1158 2895 mauis?

365 2909 418 2963 Est
441 2907 566 2969 Gnatho,
588 2924 650 2963 cum
670 2908 765 2967 limati
784 2925 840 2964 non
861 2908 913 2963 lioc
932 2906 1069 2978 furiosior
1089 2907 1182 2967 Aiax:

325 3010 351 3049 ar
454 2992 537 3064 Saepe
556 2995 641 3048 etiam
660 2992 755 3064 sadus
775 2993 992 3063 Sardanapalas
1013 2994 1078 3048 erit.

366 3079 477 3135 Caetera
499 3094 553 3134 non
576 3078 718 3151 reseram,
740 3079 838 3150 quibus
858 3081 946 3150 ipsum
969 3076 1200 3148 Sardanapalum

450 3164 617 3235 Exuperat:
639 3164 707 3235 qaid
727 3166 798 3218 enim
817 3170 885 3218 noto
902 3161 1015 3234 referre
1032 3166 1130 3218 iuuat?

365 3248 428 3305 Non
448 3248 593 3303 isabellae
611 3250 704 3304 oculos
723 3251 851 3321 perrerosi
867 3250 1007 3320 principis
1027 3249 1114 3303 aula?

326 3351 352 3391 ss
455 3334 517 3389 Non
541 3334 625 3389 habet
644 3334 689 3389 liic
708 3334 810 3406 sortcis
835 3334 958 3389 Teutana
979 3333 1060 3389 turba
1082 3339 1201 3388 manus?

367 3419 462 3475 Haisa
483 3422 646 3491 propenilor
665 3422 781 3491 tripula
797 3419 895 3491 prodit
919 3417 1011 3473 Iesum

453 3504 590 3574 Nummis,
611 3505 656 3560 nic
676 3506 752 3561 ultra
768 3506 892 3577 prodere
912 3523 967 3561 noa
989 3505 1106 3560 dubitat.

768 3615 857 3658 rietes.

226 3772 333 3822 Praeter
345 3772 472 3838 exemplu
484 3778 507 3823 1.
516 3779 543 3826 G.
551 3781 576 3823 et
586 3772 669 3823 2.hoc
683 3788 796 3822 carmen
808 3772 893 3822 habet
903 3773 988 3822 etism
996 3771 1307 3838 WittebsrgensisOpp.
1315 3773 1398 3823 Luth.
1406 3772 1456 3822 edi-

164 3857 212 3919 tio,
226 3860 291 3907 tom.
305 3857 340 3907 11.
356 3857 404 3907 fol.
417 3854 473 3908 35⁶.
487 3873 525 3923 sq.
541 3874 574 3908 ex
587 3861 610 3907 1.
625 3859 782 3923 repetitum.
801 3859 918 3907 lenense
931 3857 1013 3907 Luth.
1028 3857 1097 3923 Opp.
1112 3857 1268 3922 exemplum
1281 3873 1395 3907 carmen
1407 3872 1455 3906 non

164 3942 281 4005 recepit.
335 3958 360 3992 v.
375 3941 410 4009 4.]
425 3945 551 3993 sincerus
565 3942 676 4008 quidam
690 3946 714 3992 2.
762 3940 770 3974 ¹
791 3943 997 3993 satisnonesse
1012 3945 1037 3991 2.
1084 3940 1212 4007 'Apella
1231 3942 1261 4005 (i.
1275 3958 1300 3991 e.
1314 3944 1376 3993 sine
1395 3958 1456 4008 prm·

164 4027 252 4090 patio)
271 4029 350 4091 quasi
369 4030 479 4093 poetica
497 4028 693 4092 cuiuscumque
706 4027 792 4077 Iudaei
811 4026 999 4092 adpellatione
1012 4031 1069 4077 tum
1083 4026 1240 4076 utebantur.
1296 4025 1307 4058 ⁸
1325 4027 1413 4077 Iulius
1426 4027 1456 4075 11.

165 4110 298 4160 Similiter
316 4112 376 4176 ipsc
388 4113 525 4163 Lutherus
544 4114 571 4162 in
585 4114 644 4162 Act.
660 4113 737 4163 acad.
751 4113 856 4162 Lovun.
871 4112 963 4175 (Luth.
977 4111 1048 4178 Opp.
1063 4111 1106 4161 ed.
1120 4111 1286 4176 Wittsberg.
1300 4117 1366 4162 tom.
1381 4114 1401 4162 1.
1415 4110 1456 4161 sol.

165 4194 217 4246 350.
232 4197 291 4246 sive
311 4197 353 4246 ed.
367 4197 426 4246 Ion,
440 4197 511 4262 Opp.
525 4198 588 4247 Lat.
604 4202 668 4248 tom.
683 4199 704 4246 1.
719 4197 767 4246 sol.
781 4196 864 4259 497⁸.)
884 4198 955 4259 „Est
972 4197 1024 4245 hoc
1044 4198 1072 4245 in
1092 4196 1172 4253 fatis,
1192 4200 1223 4245 ut
1242 4195 1396 4247 Christiani
1415 4213 1457 4262 ps·

165 4282 271 4330 tiantur
295 4298 311 4331 a
328 4281 438 4332 Iudaeis.
469 4284 510 4333 sic
528 4283 637 4332 Iudaeus
662 4282 792 4332 incitavit
810 4281 909 4331 Iulium
932 4279 1089 4346 pontificem
1115 4282 1143 4329 in
1167 4281 1284 4331 exitium
1308 4282 1398 4341 orbis,
1422 4282 1456 4330 sic

165 4365 340 4414 Psefferkorn
365 4365 487 4416 Coloniae
511 4367 634 4416 turbavit
656 4367 750 4416 orbem
774 4366 973 4426 Christianum,
1004 4365 1045 4416 sic
1069 4381 1140 4415 nunc
1164 4366 1305 4416 Aloandcr
1329 4374 1457 4433 cognatus

164 4449 238 4498 indm
262 4451 350 4499 vincit
374 4465 437 4500 suos
462 4452 594 4514 maiores,
620 4451 665 4503 vcl
689 4452 723 4501 ob
747 4456 804 4501 tres
827 4451 972 4501 drachmas
990 4450 1146 4515 proditurus
1164 4466 1220 4499 rem
1241 4452 1456 4516 evangelican1''.

164 4534 175 4564 ⁹
194 4535 277 4584 belua
290 4538 315 4583 2.
329 4533 425 4597 (altera
437 4535 446 4584 l
460 4541 528 4586 later
544 4537 623 4586 uerba
641 4537 733 4585 omnia
746 4543 771 4585 et
789 4535 849 4585 dira
866 4538 1009 4600 superioris
1021 4551 1108 4585 uersus
1120 4536 1240 4600 effapiil).
1296 4535 1318 4567 ¹⁰
1336 4537 1424 4588 civem
1438 4537 1456 4584 l.

167 4617 327 4668 Corr.Ecce
345 4635 366 4670 s.
381 4620 469 4684 Atque
489 4635 567 4669 ouem
586 4621 646 4670 sim.
700 4619 723 4652 ¹⁷
740 4635 839 4684 verpus
857 4621 1002 4686 strepitum
1017 4623 1040 4670 1.
1059 4637 1143 4686 verpa
1162 4621 1283 4686 strepitu
1296 4625 1321 4670 2.
1370 4618 1393 4650 ²¹
1410 4620 1456 4669 Cs-

111 4742 117 4752 .
165 4700 217 4750 roli
236 4703 268 4751 V.
321 4701 343 4735 ²¹³
363 4703 449 4754 fortes
466 4704 612 4755 Theutona
630 4709 657 4754 2.
709 4704 842 4755 ²⁹1udus.
895 4706 948 4755 Pro
967 4707 1014 4756 noc
1031 4705 1151 4755 uocabulo
1170 4707 1195 4756 in
1214 4709 1240 4756 2.
1254 4713 1309 4756 est:
1327 4706 1455 4755 Numerus
