3270 5354
205 380 337 426 mm!
344 362 631 421 cle-miminerit
641 383 675 420 VT
685 382 797 418 ccccvi(
807 382 836 418 tn
847 382 972 419 VBDBTOD
982 380 1098 426 ratem.
1105 376 1352 421 BXHDB’PATOIIW·
1381 349 1451 425 ¹57

366 538 470 601 Omnia
493 542 555 601 tntu
578 539 674 601 vities:
697 557 780 600 sume
803 558 884 600 arma
908 547 936 601 et
958 539 1014 601 tela
1038 557 1173 619 capesse:

317 660 355 703 tn
449 641 600 703 Debentur
622 640 724 702 lamles
745 641 801 701 liae
824 661 942 720 quoque
965 650 1047 720 parte
1070 642 1132 703 tibi.

367 743 437 805 Post
458 745 592 805 conlecta
615 744 684 804 olim
707 743 857 804 llomauns
880 742 956 804 belle
979 753 1098 805 senatus

451 845 582 907 Decrevit
604 845 728 906 ducibus
750 864 858 907 nomen
881 846 919 905 ali
941 845 1025 930 lroste
1047 847 1122 914 suis,

366 949 462 1027 Atque
482 947 547 1008 aliis
570 945 685 1008 titulum
708 946 808 1027 Libyci
830 965 975 1025 peperere
998 948 1155 1027 triumphi,

315 1070 354 1111 ue
448 1048 604 1110 Nonnullis
626 1049 727 1110 ‹lecori
750 1048 840 1111 Gallia
865 1051 937 1112 vieta
959 1049 1028 1117 luit,

366 1149 452 1213 creta
474 1159 581 1230 potens
603 1150 666 1212 aliis
688 1158 717 1212 et
739 1140 817 1211 liello
840 1168 941 1228 pressa
964 1151 1138 1219 Corinthus,

452 1252 502 1314 llle
524 1255 585 1315 suis
606 1252 756 1323 Numidis,
779 1252 944 1313 Thracibus
965 1252 1040 1314 alter
1063 1260 1144 1319 orat.

367 1352 506 1433 mosque
526 1372 606 1432 tegre
628 1356 693 1415 vicit
714 1356 845 1416 lloumua
868 1356 977 1415 iniuria
1000 1355 1159 1435 Cymbros.

317 1475 355 1517 uz
450 1456 486 1518 Et
507 1457 544 1518 tle
567 1456 672 1519 Pellaea
694 1456 759 1517 laeta
782 1457 913 1535 trophaea
937 1457 1041 1517 domo:

365 1559 404 1619 alt
423 1558 476 1619 tibi
499 1561 550 1638 qul
571 1561 630 1620 iam
652 1579 684 1621 se
707 1560 809 1620 muruli
832 1566 920 1638 caput
942 1577 1007 1620 esse
1029 1559 1185 1638 putebant,

449 1660 524 1722 Cum
546 1662 660 1731 vinces,
684 1671 799 1740 qtrantre
822 1663 940 1720 uomina
964 1660 1058 1721 laudis
1080 1663 1181 1723 erunt!

365 1760 460 1823 Oeat
481 1762 529 1823 illa
552 1764 616 1823 elles
638 1782 718 1842 qnae,
742 1764 765 1824 si
789 1762 864 1823 bene
886 1761 1008 1838 colligo.
1031 1763 1109 1822 iuxta
1133 1770 1191 1832 est,

313 1882 353 1925 ree
448 1861 511 1934 Dua
533 1864 645 1926 libide
667 1864 778 1927 Veneto
801 1866 863 1925 cire
886 1864 1052 1943 triumphus
1074 1867 1144 1934 erit,

363 1966 426 2039 Qua
447 1967 540 2028 niveis
562 1967 680 2027 duceris
702 1969 785 2046 equis
807 1985 955 2045 curruque
978 1967 1108 2045 superbo

449 2068 516 2130 Post
539 2077 697 2130 ostentatas
718 2069 846 2147 lauriger
868 2069 923 2128 ibis
945 2087 1025 2146 opes.

364 2168 429 2230 Nou
452 2188 507 2248 ego
529 2177 601 2231 tuuc
621 2170 728 2232 solidas
752 2171 888 2232 tristalior
911 2173 940 2230 iu
964 2171 1047 2231 hoste
1070 2170 1208 2233 callienas
1285 2161 1290 2172 ’

315 2291 354 2334 uo
449 2274 661 2352 Appeusosque
683 2273 773 2351 perles
795 2272 1009 2351 implicitusque
1031 2291 1149 2341 manum

364 2374 515 2435 Ducentur
537 2392 677 2453 proceres
701 2374 782 2434 urbis
804 2374 859 2435 sub
884 2376 1008 2451 imagine
1030 2383 1134 2439 tnutre.

448 2477 492 2537 Ad
515 2484 564 2536 tua
587 2494 747 2555 pomposus
770 2477 899 2557 plaustra
922 2487 1040 2537 serratus
1062 2485 1122 2544 eat;

364 2576 487 2639 lusultet
508 2577 609 2657 spoliis
631 2580 712 2640 dives
734 2580 891 2641 Germania
913 2579 1012 2647 lectis,

314 2699 353 2741 ror
448 2679 597 2759 Plenaque
617 2683 676 2742 siut
698 2682 814 2743 Venetis
835 2683 932 2742 omma
955 2683 1067 2742 ‹tivitiis
1133 2708 1136 2715 ·

364 2904 457 2961 Omnia
479 2914 537 2962 tuta
559 2906 650 2971 vides;
672 2925 749 2965 smne
771 2925 845 2965 arma
866 2917 894 2963 et
916 2907 969 2963 tela
990 2923 1115 2980 capesse:

315 3004 354 3047 tea
448 2991 569 3048 Debetur
587 2992 672 3065 sactis
693 2995 809 3066 lausque
830 2993 967 3064 (terrisque
989 2995 1051 3047 liris.

365 3075 453 3133 Dent
476 3075 520 3132 illa
543 3077 600 3133 dies
623 3096 698 3152 quusi,
721 3078 743 3134 si
767 3077 834 3133 bene
857 3081 996 3148 suspicor,
1019 3077 1078 3137 ibit,

450 3159 506 3229 Qua
530 3161 578 3217 tilii
601 3163 635 3217 tle
656 3163 758 3219 Veneto
779 3171 858 3235 prule
880 3162 1032 3234 triumphus
1056 3162 1121 3220 erit,

366 3243 423 3314 Qua
446 3246 530 3302 niveis
553 3247 659 3303 duceris
682 3249 760 3321 equis
783 3266 919 3320 cmruque
943 3245 1061 3318 superlro

314 3343 373 3387 ω’
448 3331 514 3387 Post
537 3341 687 3389 ostentatas
710 3332 829 3407 lauriger
851 3332 901 3387 iliis
924 3350 998 3407 opes.

314 3426 317 3435 '
365 3414 425 3473 llon
447 3432 499 3490 ego
523 3424 587 3473 tunc
608 3420 734 3473 madidas
758 3418 888 3474 tristaluu·
912 3419 937 3473 in
961 3417 1039 3473 lmste
1062 3417 1202 3476 catirenas.

451 3504 649 3576 Appensosque
671 3504 753 3578 peiles
778 3504 975 3578 implicitusque
999 3518 1106 3574 impius:

365 3586 501 3643 Ducuntur
522 3604 651 3660 proceres
673 3588 748 3644 urbis
771 3588 821 3644 suli
845 3589 960 3662 imagine
985 3596 1077 3648 [outre.

314 3682 355 3726 m
448 3671 488 3728 nd
511 3678 557 3727 tua
579 3691 729 3748 pomposus
751 3674 873 3748 plaustra
896 3682 1005 3729 senatus
1029 3679 1087 3733 eat:

365 3755 480 3814 lnsultet
502 3757 598 3831 spoliis
619 3758 694 3815 ‹lives
716 3758 858 3815 Germania
880 3758 971 3820 lectis,

451 3840 586 3916 Plenaque
609 3846 664 3900 sint
686 3843 794 3900 Venetis
817 3847 907 3900 onmia
929 3843 1039 3899 divitiis.
1394 3857 1451 3910 (rer)

231 4054 265 4090 ⁷⁴⁸
281 4057 364 4109 haee
383 4057 441 4109 illio
458 4060 533 4111 Eunu
551 4061 621 4113 <licit
640 4061 730 4112 ‘Sume
749 4078 826 4112 erma
843 4068 905 4123 tun,
930 4062 1087 4127 pharetram
1111 4065 1140 4110 et
1162 4075 1255 4110 areum
1274 4064 1302 4111 et
1320 4058 1452 4125 egredere
1502 4067 1507 4074 '

171 4138 259 4193 loru‘.
279 4142 370 4192 Gener.
384 4143 496 4194 XXVII.
509 4144 533 4197 3.
603 4143 638 4178 ⁷⁴⁷
655 4148 779 4210 Africam
795 4148 946 4212 Scipiones.
1016 4144 1048 4176 ⁷⁴⁹
1068 4145 1181 4194 Creticus
1199 4143 1337 4194 Metellus.
1366 4142 1453 4195 Corin·

169 4225 230 4277 rien
246 4226 402 4278 Mummius.
464 4227 499 4262 Μ
517 4230 662 4281 Numidicus
680 4232 818 4282 Metellus.
876 4232 985 4280 Thracio
1008 4230 1057 4278 sub
1077 4229 1191 4278 Claudio
1214 4229 1357 4292 provincie
1375 4227 1454 4278 lecta

169 4316 216 4362 ut.
271 4312 567 4365 nazaraenorum.
620 4316 650 4349 ⁷⁵¹
673 4319 809 4368 Εἰυιὺήοιιε
826 4317 940 4378 Murius,
959 4314 1027 4376 „ille
1047 4312 1207 4376 Iugurthino
1227 4313 1318 4362 clarus
1331 4313 1452 4363 Cimbro·

168 4410 217 4461 qne
240 4396 406 4463 triumph0¹’.
434 4397 505 4448 Orod.
519 4401 598 4451 Pont.
612 4403 658 4452 IV.
673 4402 739 4464 3‚t;3.
760 4403 950 4459 Germanicos,
975 4399 1141 4456 Francicos‚
1165 4397 1298 4458 Restione,
1323 4397 1453 4447 'l'eutoni-

167 4494 220 4543 ecc,
239 4479 413 4532 Vindelieios
431 4483 543 4550 ullaque
562 4488 620 4536 eins
639 4489 712 4538 modi
729 4490 848 4554 prudeus
861 4486 966 4545 omisit;
984 4483 1125 4543 Arebieos,
1145 4483 1332 4545 Armeuiecos,
1352 4482 1454 4532 Asiati·

168 4580 226 4625 eos,
250 4564 440 4629 Britannicos,
464 4570 633 4635 Hispanieos
653 4573 776 4637 aliosque
797 4574 854 4621 lere
879 4576 944 4634 quot
965 4583 1065 4633 reguo,
1091 4567 1252 4631 provinciis,
1278 4567 1358 4616 urbee
1381 4575 1451 4629 sunt,

167 4651 236 4701 ntis
254 4648 311 4700 illie
329 4653 463 4718 exemplis
486 4655 631 4710 iudicavit.
702 4657 734 4688 ⁷⁵²
752 4658 935 4706 rllncedonicns
953 4652 1081 4703 Metellus
1105 4651 1152 4701 ille
1177 4653 1257 4702 idern.
1326 4650 1359 4683 ⁷³⁹
1378 4657 1453 4703 cute-

167 4744 217 4785 ω
235 4736 310 4786 M.
