3270 5354
166 337 179 406 l
188 336 236 409 56
260 366 369 409 nvem
373 367 383 402 1
392 365 430 401 Ab
439 367 505 402 GE!-
512 366 723 403 ltexunurnrtvlt
732 367 767 402 VT
778 368 888 403 BBLINH
899 369 928 403 ut
939 367 1065 404 VBNBOEOB
1074 366 1435 410 PROBEQ'BXBOHATWVU.

362 523 530 600 Agnoscunt
553 523 653 583 Veneti
675 523 841 591 dationum,
864 542 977 602 sueque
999 525 1096 584 ornrria
1119 523 1245 595 dedum,

312 642 350 684 ne
445 624 481 685 Et
502 623 632 686 subdant
652 627 748 703 posito
770 624 843 685 eolla
866 643 989 686 recurva
1012 628 1095 703 iugo;

362 728 419 788 Aut
441 727 507 804 quia
529 745 561 787 se
582 727 669 787 toties
690 745 749 788 nou
772 726 917 805 agnovere
938 734 1123 797 monentem,
1149 725 1154 733 ’

323 823 327 833 '
446 829 518 889 Tam
540 831 615 889 insta
639 830 776 889 immissis
797 830 889 907 dirige
912 827 973 890 vela
995 831 1081 891 netis.

362 932 450 991 Atto
474 948 561 1009 pasce
583 933 712 991 animum
736 933 808 991 votis
831 939 860 992 et
881 931 994 1004 vindiee
1016 929 1122 1000 bello,·
1170 966 1173 971 ·

311 1054 350 1097 raa
445 1032 557 1102 Cesar,
580 1035 611 1094 in
634 1050 714 1093 arma
737 1032 787 1093 tibi
810 1033 887 1093 laeta
909 1031 1030 1093 molesta
1052 1051 1121 1102 rue:

362 1135 440 1197 Neve
461 1136 582 1213 impune
603 1137 678 1196 ierat
699 1136 723 1194 si
745 1136 810 1212 quis
831 1142 861 1195 te
882 1133 989 1194 leserit
1010 1134 1116 1204 hostis,
1171 1174 1174 1179 ,

444 1237 603 1305 Prouooet,
626 1237 705 1297 baud
727 1239 816 1298 iustas
837 1238 1003 1314 iniieiatque
1024 1255 1140 1298 manoe.

361 1340 521 1418 Compesce
543 1339 619 1400 bane
634 1339 776 1399 Venetum
797 1338 910 1401 rabiem
932 1337 1129 1419 stolidumque
1143 1339 1292 1409 iurarem,

310 1461 349 1502 roa
443 1442 481 1504 Ut
502 1443 656 1520 quisquam
679 1440 813 1520 exemplo
834 1442 949 1502 cautior
970 1439 1044 1501 alter
1065 1447 1122 1502 eat.

360 1542 395 1604 lli
417 1552 486 1603 sunt
507 1545 558 1622 qui
580 1543 705 1604 Venetos
727 1543 856 1603 Troiano
877 1544 1025 1604 Antenore
1048 1549 1132 1604 natos

445 1645 539 1724 Atque
561 1644 616 1706 alia
632 1647 756 1724 imperio
778 1646 950 1723 surripuere
972 1652 1039 1712 tuo;
1111 1692 1115 1699 .

360 1746 396 1807 lli
418 1755 486 1807 sunt
505 1749 559 1824 qui
581 1746 704 1808 llomam
726 1746 779 1807 tibi
801 1754 831 1808 et
851 1746 922 1807 ltala
945 1763 1036 1824 regne
1058 1749 1171 1826 petenti

309 1867 347 1909 un
442 1850 583 1910 Dixerunt
606 1856 733 1918 eontra,
757 1851 781 1909 si
803 1857 902 1927 potes,
925 1867 1007 1910 arma
1029 1850 1128 1927 cape’.¹

360 1953 448 2012 Arma
467 1953 560 2030 igitur
581 1952 679 2030 capias
701 1970 754 2030 spe
777 1950 863 2030 plena
885 1958 974 2029 etque
996 1953 1116 2031 auspice
1137 1949 1272 2012 Christo:

447 2053 549 2114 Omnia
573 2059 641 2113 sunt
663 2054 766 2131 eoeptis
787 2051 851 2114 laeta
875 2053 973 2113 lutura
996 2053 1068 2120 tuis;

361 2156 466 2225 Nescio
489 2156 558 2235 quid
580 2163 679 2215 vatum
700 2162 828 2215 statuent
849 2155 991 2232 presagia
1013 2154 1050 2216 de
1071 2161 1117 2215 te:
1218 2198 1222 2209 .

311 2278 348 2320 uo
444 2258 518 2317 Sunt
539 2275 658 2335 quoque
679 2258 729 2335 qui
751 2257 850 2317 dicent
866 2263 948 2317 astra
972 2256 1070 2317 lavere
1092 2255 1158 2326 tibi,

361 2360 445 2420 Astra
467 2360 564 2419 lavere
586 2359 653 2427 tibi.
677 2367 705 2419 et
727 2358 837 2419 Veneto
859 2358 1014 2419 metuenda
1036 2357 1115 2419 leoni

445 2461 524 2522 liora
546 2459 723 2521 volubilibus
744 2462 828 2538 signa
850 2467 947 2521 notata
969 2459 1055 2539 polis.

361 2672 518 2744 Agnoscam
541 2669 634 2725 Veneti
656 2669 795 2732 lominum
818 2671 977 2741 aeuumque
990 2676 1158 2741 precentur,

310 2770 348 2816 roe
442 2755 475 2811 lit
496 2755 625 2827 reserant
641 2761 726 2827 ponto
749 2755 818 2811 eolla
839 2769 970 2827 repressa
992 2756 1074 2829 iugo;

361 2841 416 2897 Aut
439 2842 501 2914 quia
524 2857 553 2895 se
577 2841 659 2896 toties
681 2857 736 2897 non
758 2857 893 2915 aquierere
915 2848 1083 2905 mansorem,

445 2926 510 2982 Tam
533 2925 601 2980 iusta
623 2925 750 2981 immissis
772 2924 859 2998 dirige
881 2922 938 2980 vela
960 2924 1044 2980 notis.

361 3012 396 3066 At
420 3019 448 3067 tu
470 3026 552 3085 pasce
574 3013 692 3066 animum
715 3010 785 3066 votis
808 3019 836 3066 et
858 3008 960 3065 vindico
983 3008 1071 3072 bello,

311 3111 349 3152 ur
445 3096 547 3158 Cesar,
572 3096 599 3151 in
622 3112 695 3152 arma
718 3095 767 3151 tibi
790 3094 860 3152 laeta
882 3092 997 3151 molesta
1018 3110 1082 3158 rue;

362 3183 430 3239 llere
454 3183 563 3256 impune
585 3181 655 3236 ieret
678 3182 700 3236 si
724 3181 784 3254 quis
809 3188 834 3236 te
856 3181 987 3235 invaserit
1007 3179 1108 3242 hostis.

446 3267 592 3329 Provocet.
615 3265 686 3322 lraual
710 3266 794 3321 iustas
816 3265 974 3338 iniieiatqoe
996 3281 1099 3322 manus.

363 3352 508 3427 Compesce
529 3353 598 3408 hauc
619 3350 750 3407 Venatum
773 3350 875 3407 rabiem
897 3349 1081 3424 stolidumque
1103 3349 1238 3414 furorem,

311 3450 351 3492 aas
445 3437 479 3493 Ut
501 3437 615 3510 quisque
636 3435 760 3510 exemplo
781 3436 888 3493 cautior
909 3434 979 3491 alter
1000 3443 1052 3491 eat.

362 3520 394 3576 lli
417 3529 480 3577 sunt
504 3521 550 3594 qui
573 3520 689 3577 Venetos
711 3521 827 3577 Troiano
849 3520 988 3576 Antenore
1008 3528 1088 3577 nates

445 3606 536 3679 Atque
558 3605 610 3662 aliu
632 3605 747 3679 imperio
770 3606 928 3680 surripuere
950 3613 1014 3669 tuo;

363 3690 394 3746 lli
418 3699 482 3747 sunt
505 3690 552 3763 qui
574 3690 686 3747 llomam
708 3691 757 3747 tibi
779 3699 806 3748 et
828 3689 894 3746 ltala
915 3705 999 3763 regua
1021 3691 1124 3764 petenti

312 3789 350 3830 uo
445 3776 574 3832 bixerunt
596 3784 715 3839 bontra,
738 3776 760 3831 si
783 3785 878 3850 potes,
901 3791 973 3831 arma
995 3771 1079 3849 eape'.

363 3863 443 3917 Arma
466 3862 551 3934 igitur
571 3862 662 3935 capias
685 3878 733 3934 spe
756 3861 834 3935 plene
857 3868 939 3933 atque
959 3860 1070 3935 auspice
1091 3860 1215 3918 Christo:

448 3946 541 4002 Omnia
563 3954 627 4002 suist
648 3949 725 4002 ausis
747 3946 807 4004 lenta
828 3946 920 4002 lutura
943 3945 1013 4007 tuis:

362 4030 458 4087 ll'eseio
482 4031 545 4104 quid
569 4038 658 4087 vetum
680 4039 802 4088 statuant
824 4030 957 4105 praesagia
979 4030 1012 4086 de
1031 4038 1078 4087 te:

313 4131 349 4171 ur
448 4118 516 4172 Sunt
540 4133 649 4190 quoque
672 4118 718 4189 qui
740 4116 831 4175 dicent
852 4125 926 4173 astra
947 4115 1037 4172 lavere
1059 4115 1123 4178 tibi.
1395 4136 1449 4185 (raa)

363 4203 443 4258 Astra
465 4201 554 4257 lavero
577 4201 641 4263 tibi,
664 4210 692 4257 et
714 4201 815 4258 Veneto
838 4201 982 4258 metuende
1003 4199 1076 4256 leoni

448 4287 517 4343 bura
540 4285 703 4342 volubilibus
725 4289 802 4359 signa
823 4294 916 4342 notata
938 4285 1020 4360 polis.
1396 4301 1451 4354 (ran

229 4483 264 4517 ⁷⁸⁸
281 4486 351 4536 Num
369 4486 552 4537 Romanorum
576 4487 752 4552 imperatoris
775 4490 908 4536 terrerum
931 4487 1024 4537 orbam
1049 4491 1135 4538 totum
1159 4502 1234 4550 esse,
1254 4488 1324 4538 iuris
1347 4485 1452 4554 publiei

164 4574 330 4634 praeceptum
344 4559 404 4621 luit.
457 4568 490 4604 '⁸⁴
510 4569 681 4621 erueret.
696 4570 758 4620 edu.
810 4569 844 4604 ⁷³⁸
863 4572 938 4623 εἰν.
954 4570 1015 4622 le..
1064 4571 1097 4606 Ν
1114 4569 1221 4638 vatum]
1239 4564 1451 4638 'astrologorum

164 4656 306 4717 questum
324 4655 408 4704 etiem
425 4656 473 4719 qui
491 4671 545 4705 non
563 4655 699 4719 lidebant,
718 4655 900 4706 consulebant
918 4661 1012 4708 tumen
1028 4658 1058 4707 in
1076 4659 1184 4723 maguis
1201 4657 1284 4706 rebus
1301 4658 1434 4707 omnibus.

232 4735 265 4770 ⁴¹⁸
283 4736 369 4788 Italis
387 4742 410 4789 1.
463 4737 496 4773 ⁴¹³
516 4740 638 4791 statuunt
656 4743 679 4790 1.
