3270 5354
277 397 380 435 tunore
391 397 455 433 vut.
467 368 511 433 ’AB
522 396 654 433 30811111
667 395 783 432 1118811.
819 393 922 430 annau
935 394 973 429 11.
991 393 1028 428 AD
1040 390 1136 428 IOANN.
1150 389 1338 426 LOBERINGW.
1400 357 1449 430 63

367 552 435 614 Este
458 551 576 631 procui,
599 551 706 620 timidi,
729 552 838 629 quique
861 551 955 610 omnia
978 549 1060 609 tertis
1082 547 1186 615 inuita,

319 675 355 715 rie
450 653 546 715 Diluat
568 655 693 715 oderrsas
716 671 799 713 mens
821 654 925 729 agitata
949 669 1031 718 suas,

368 756 564 836 {etquenam
588 773 692 834 magna
715 761 773 825 est,
797 753 945 821 ultricem,
969 754 1090 819 iniuria,
1112 751 1224 812 Musam

452 858 565 920 Excitet
586 861 616 919 in
640 858 761 925 tamam,
785 862 887 934 raptor
909 856 1024 932 inique,
1046 862 1137 914 tuam.

367 964 404 1022 111
426 970 473 1031 tu,
496 979 601 1040 magna
624 962 665 1020 tui
688 977 771 1038 pars,
796 958 901 1026 flesse,
924 957 1019 1017 tidelis
1042 957 1144 1024 amici,

319 1082 356 1124 no
450 1062 512 1133 Qua
535 1064 621 1124 decet
642 1062 705 1122 iiaec
727 1059 828 1122 saltem
852 1061 975 1120 crimina
999 1066 1096 1120 mento
1119 1057 1211 1127 teras,

367 1165 412 1226 Nil
436 1176 583 1233 metuens,
607 1183 645 1225 ne
666 1182 723 1241 qua
745 1165 859 1242 priscos
880 1161 988 1221 oblitus
1008 1177 1124 1222 amores

452 1267 600 1329 iictuerim
622 1269 739 1345 seriptis
760 1273 893 1345 tempora
917 1262 1002 1342 ionga
1025 1262 1084 1324 tibi.

676 1505 829 1578 [Etonia
857 1504 937 1577 nt]

565 1623 613 1672 AD
633 1622 798 1671 IOANNEM
816 1620 1054 1672 LOBERINGVM

485 1728 651 1768 rurnonvn
667 1727 747 1768 svvn
762 1728 795 1768 m
810 1726 908 1768 ceusu
923 1725 1084 1767 mosomus.

371 1843 519 1903 Musarum
543 1853 629 1921 atque
651 1845 746 1904 omnis
769 1842 864 1903 cultor
887 1842 1070 1921 Laberingus
1091 1841 1226 1906 honor'm.

454 1946 548 2016 Quem
571 1945 655 2005 decet
676 1945 805 2005 humano
827 1962 939 2023 ponere
961 1945 990 2005 in
1012 1945 1145 2022 ingenio,

369 2046 496 2109 Palladis
518 2054 547 2107 et
569 2045 657 2107 Clarii
680 2046 864 2126 Lobcringus
886 2045 1029 2125 Apollinis
1050 2046 1154 2112 ardor.

331 2168 343 2207 1
450 2148 594 2209 Phocaica
616 2149 722 2228 (tignus
744 2156 876 2228 tempora
900 2149 1005 2210 trondc
1027 2149 1101 2227 tegi,

368 2251 425 2322 Qui
448 2269 581 2320 carmen,
606 2252 655 2330 qni
677 2250 742 2330 lege
764 2251 832 2311 iacit
854 2268 928 2326 nora
949 2251 1056 2329 scripta
1080 2248 1191 2317 soluta,

454 2353 568 2432 Quique
590 2351 698 2432 aliquid
720 2353 811 2415 nitido
833 2353 947 2431 pertinit
969 2352 1099 2432 eloquio,

370 2454 433 2524 ttte,
456 2455 591 2533 inquam,
614 2461 711 2516 tantus
732 2457 862 2534 tantique
884 2455 1000 2517 decoris
1023 2463 1135 2515 amator

330 2578 343 2618 s
450 2546 560 2636 Sooute
582 2576 633 2618 sua
658 2576 773 2618 causam
797 2557 904 2618 format
925 2557 1041 2637 agitque
1062 2575 1173 2624 meam:

369 2658 487 2739 iamque
510 2677 577 2720 suas
600 2658 679 2737 teges
701 2658 797 2719 animo
819 2667 972 2738 repetente
994 2667 1128 2721 recenset

452 2761 489 2822 Et
510 2759 661 2840 spoliatori
684 2763 746 2822 iura
768 2761 895 2823 timenda
919 2780 999 2823 meo:

368 2862 431 2923 Hoc
453 2863 528 2924 duce
549 2863 694 2925 iudicibus
716 2865 821 2924 iniuria
845 2872 944 2924 nostra
965 2866 1076 2926 severis

320 2986 343 3027 u
451 2965 591 3026 Panditur
614 2973 643 3026 et
664 2965 772 3026 lectum
794 2967 888 3026 fertur
910 2968 939 3026 in
962 2965 1124 3027 arbitrium.

370 3066 490 3127 Frendit
512 3074 540 3127 et
561 3069 664 3127 insano
687 3069 759 3127 iurit
774 3076 866 3128 nautor
888 3067 1007 3128 iocosius
1029 3086 1081 3128 ore
1122 3105 1124 3108 >

453 3168 490 3229 Et
511 3167 590 3229 dolet
611 3170 640 3228 in
664 3176 778 3247 partem
800 3152 961 3247 quemlibet
982 3169 1026 3229 ire
1048 3187 1153 3229 meam.

369 3270 419 3331 lile
442 3270 513 3329 nihii
536 3272 669 3339 monitis,
693 3269 765 3330 nihil
787 3270 844 3330 hoc
867 3272 1042 3349 perterritus
1065 3269 1149 3331 hoste
1342 3268 1453 3351 tm?

319 3394 344 3434 rc
452 3373 588 3451 Suscepit
610 3373 701 3432 nostri
724 3373 790 3433 iura
811 3373 984 3451 patrociniis

370 3473 420 3536 lile
443 3494 537 3536 meam
560 3476 663 3554 quovis
685 3474 857 3536 moderatur
878 3474 975 3536 iudice
998 3493 1131 3546 causam,

454 3578 572 3657 tamquo
594 3596 645 3638 sua
669 3576 783 3639 tabulas
806 3578 937 3640 condidit
958 3580 1021 3659 ipse
1043 3597 1146 3648 manui,

370 3679 406 3740 Et
428 3698 492 3741 mea
514 3679 673 3741 subscribit
694 3681 790 3761 posito
813 3675 1004 3743 instrumenta
1027 3679 1136 3758 sigillo,

319 3802 345 3842 ao
453 3782 593 3861 Nuncque
616 3802 683 3853 ore,
706 3785 825 3862 scriptis
847 3802 925 3844 nunc
948 3785 1007 3863 agit
1028 3783 1077 3845 iile
1099 3785 1184 3844 notis.

370 3881 454 3953 Quod
470 3885 621 3955 meritum,
638 3903 703 3964 qnae
718 3904 806 3946 causa
823 3888 917 3947 strum
933 3888 963 3947 in
979 3905 1042 3948 mea
1059 3887 1211 3946 commoda
1228 3879 1332 3954 inerit,

446 3986 576 4055 'Quando
598 3986 672 4074 atius
693 3997 787 4049 rastas
808 3987 980 4068 polliceatur
1003 3990 1091 4071 opes?
1283 4072 1285 4075 ι

370 4090 414 4148 dn
436 4095 479 4149 tot
498 4107 572 4168 opes
594 4099 748 4168 superant,
771 4109 808 4151 an
832 4097 909 4151 tanta
932 4093 1058 4171 pecunia
1081 4099 1181 4153 nostra
1204 4099 1262 4160 est,

258 4267 260 4270 Ι
318 4211 343 4252 ar
452 4191 489 4252 Ut
511 4192 619 4268 possim
642 4190 764 4253 hostiles
786 4172 1062 4255 vincere’divieias?
1311 4188 1314 4195 ’

237 4477 365 4544 1111111.
420 4476 449 4511 ¹²¹
468 4477 574 4542 zmarre
594 4483 616 4528 1.

237 4566 278 4615 Ad
303 4565 426 4615 eumdem
449 4564 632 4614 tetrastichon
653 4564 692 4614 123.
713 4554 929 4631 (vol.I.p.13.)
954 4567 1087 4633 scriptum
1112 4573 1163 4617 eat.
1232 4566 1407 4633 ³3cuoiiittia
1427 4574 1449 4619 1.

168 4648 281 4701 ⁸Pluoc.
296 4648 402 4716 fronde]
422 4655 508 4719 imaro.
530 4651 683 4700 Parnassio:
698 4633 851 4702 'nonnam
869 4655 895 4702 in
914 4652 1033 4703 Phocide.
1092 4651 1112 4684 ¹³
1127 4660 1227 4704 ‘unctor
1245 4658 1304 4706 23.
1336 4653 1453 4718 ’,11111-

169 4737 273 4788 ttttitus
291 4740 314 4786 1.
369 4736 388 4768 11
407 4736 534 4799 >infremit
554 4739 576 4786 t.
628 4735 648 4768 ²¹
669 4752 715 4803 quc
733 4740 755 4787 1.
818 4735 941 4804 '’alius]
962 4740 1135 4793 adversarius.
1199 4737 1221 4772 ¹⁸
1240 4739 1450 4801 divitiutm.
