3270 5354
170 321 182 389 1
195 318 241 390 32
261 346 384 385 nunant
398 347 435 382 Ab
445 345 731 383 cmmnrumauvu
744 345 778 381 VT
788 342 898 381 nsum
909 344 937 379 lll
948 343 1074 392 rastros
1084 343 1204 386 PBMBQG
1211 342 1448 380 ΙΧΠΟΙΤΔἹΌΙΠΙ,

370 500 486 561 luterea
509 502 616 560 uirtute
638 518 705 569 sua,
728 500 866 560 miserata
889 505 1025 560 ruentem

322 600 358 664 so
454 602 581 672 ltaliam,
605 600 726 662 ultrices
748 599 837 662 lanua
862 603 939 679 cogit
961 617 1049 678 opes:
1104 644 1110 654 .

371 705 456 764 Saevit
478 721 569 781 eques
591 704 692 769 terris,
716 702 902 781 Tyrrhenum
926 701 1057 781 possidet
1079 720 1180 783 aequor

456 804 551 873 Miles,
576 812 605 864 et
628 806 762 864 instratas
785 802 886 864 classis
907 803 1066 864 obumbrat
1087 820 1194 882 aquas;

371 904 574 967 Succumbuut
597 904 715 973 Veneti,
739 906 876 966 mandata
900 905 1044 984 stipendia
1067 905 1216 984 peucluot:

321 1028 357 1069 res
454 1007 502 1068 Sic
523 1006 590 1068 illos
613 1008 689 1067 rinei
712 1007 800 1068 lanua
823 1023 910 1085 posse
933 1006 1027 1068 docet.
1110 1056 1115 1066 .

372 1107 474 1181 Qualis
497 1107 549 1167 ubi
570 1106 720 1169 imbellem
742 1106 875 1186 leporem
898 1108 1050 1169 clamamus
1072 1116 1249 1170 trementem

458 1210 528 1269 Fert
550 1209 653 1288 lupus,
677 1218 728 1271 aut
748 1211 882 1288 pavidam
906 1210 942 1271 cle
965 1227 1057 1288 grege
1079 1216 1185 1270 tractat
1206 1227 1309 1276 orem,

372 1311 448 1371 lluur
472 1311 555 1370 sedet
577 1319 606 1371 et
628 1311 754 1389 pedibus
775 1313 906 1390 predam
930 1311 1137 1391 complectitur
1160 1313 1260 1379 uncis,

322 1432 358 1473 rsa
456 1413 477 1471 Α
501 1420 586 1488 tergo
609 1411 721 1474 celeres
744 1413 836 1474 audiit
858 1416 901 1474 ire
924 1433 1028 1481 canes,

372 1513 437 1592 lpse
461 1512 536 1589 sugit
559 1515 681 1593 riteque
704 1517 786 1576 limet
808 1516 999 1594 predamque
1021 1514 1175 1594 relinquit,
1260 1557 1263 1560 -

458 1613 552 1684 Quam
575 1615 671 1676 bonus
693 1615 792 1695 elapso
815 1616 906 1677 salvat
929 1616 966 1677 ab
989 1616 1074 1677 hoste
1095 1615 1218 1676 Crotus:

373 1716 452 1776 Talis
473 1719 503 1776 iu
526 1716 682 1777 Adriacunr
705 1725 834 1795 spectata
858 1727 902 1779 est
924 1718 1014 1778 lanua
1037 1717 1168 1778 llarcum
1194 1749 1198 1759 ·

323 1837 360 1878 roc
456 1818 599 1878 Conatum
621 1838 636 1877 a
661 1821 753 1896 patria
777 1819 855 1880 lerro
879 1818 986 1898 palude
1008 1819 1123 1899 pedem.
1164 1854 1167 1858 Δ

374 1920 424 1980 llis
447 1919 498 1980 tibi
522 1939 589 1981 cum
611 1918 730 1980 Venetis
752 1938 801 1981 ros
823 1929 883 1990 ost;
907 1921 971 1981 baec
993 1922 1088 1998 gentis
1110 1920 1220 1997 origo,
1247 1946 1253 1959 ·

459 2022 528 2082 llaec
550 2022 640 2089 lacta,
665 2020 693 2080 bi
716 2041 830 2090 mores,
855 2022 918 2082 lnec
939 2021 1068 2089 scelera,
1091 2021 1181 2101 bique
1203 2020 1279 2085 doli:

374 2123 422 2183 Sic
444 2141 562 2202 crepere
585 2124 682 2200 prius,
705 2123 812 2183 debinc
834 2119 1007 2193 accrevero:
1031 2122 1168 2201 superbae

326 2242 364 2283 roo
461 2224 530 2285 ttaec
551 2225 644 2285 series
665 2223 763 2295 urbis,
787 2225 922 2285 condicio
944 2225 1051 2303 hicque
1073 2231 1183 2293 status,

374 2325 412 2385 Ut
433 2326 556 2403 pudeat,
580 2342 655 2404 quos
677 2342 730 2385 ora
753 2326 857 2402 Ligus,
882 2314 957 2405 quos
978 2326 1069 2387 lanua
1091 2327 1196 2395 vincit,

460 2426 521 2487 llos
543 2433 645 2486 contra
668 2427 766 2487 invicti
788 2427 912 2487 Caesaris
935 2428 978 2488 ire
1002 2445 1132 2488 manuni.

373 2526 386 2586 Ι
409 2534 508 2588 umen
531 2534 560 2587 et
582 2529 720 2606 quoniam
743 2546 843 2589 rerum
866 2528 1069 2590 bac-fortuna
1091 2536 1210 2590 tuarum
1232 2536 1291 2595 est.

324 2649 362 2689 eor
458 2628 516 2689 Fer
538 2629 669 2690 modicas
691 2629 793 2690 laudes
816 2632 1013 2709 exiguumque
1036 2630 1141 2692 decus:

376 2726 496 2790 lleelius
519 2730 598 2790 Eoos
620 2739 756 2811 peterent
778 2740 827 2792 tua
850 2733 933 2810 sigua
956 2738 1096 2811 tyrannos

459 2833 679 2911 imperiumque
700 2834 775 2894 Asiae
796 2832 1008 2910 Threiciosque
1031 2834 1135 2901 clusam

375 2933 496 2995 Rectius
517 2936 681 3013 Aegyptum
703 2952 891 3012 superasses,
914 2933 1067 3014 pulchrius
1089 2936 1145 2995 iret

323 3054 362 3093 ros
458 3035 519 3096 Sub
542 3037 610 3111 iuga
632 3036 764 3104 ludaeus,
789 3035 843 3095 sub
867 3038 933 3112 iuga
956 3042 1057 3095 nostra
1079 3035 1186 3115 Syrus:

378 3135 461 3197 Nunc
485 3156 552 3199 cum
575 3144 604 3197 te
627 3139 656 3198 in
675 3138 811 3213 ,modicos
832 3135 934 3197 titulos
956 3136 1075 3199 lortuua
1098 3134 1226 3213 releget.

461 3238 538 3299 Laus
561 3245 603 3298 est
627 3257 642 3298 a
666 3239 760 3298 mollia
784 3256 898 3298 sununa
922 3238 1054 3299 adeunda
1078 3236 1138 3302 tibi.

377 3339 511 3410 Scilicet,
537 3348 569 3401 ut
590 3342 673 3419 parvi
696 3339 829 3402 imbelles
852 3340 954 3400 vicisse
977 3339 1082 3419 negoci
1106 3346 1165 3407 est,

325 3461 364 3501 111
458 3440 504 3500 ‘lu
526 3442 614 3502 ruoilo
636 3441 751 3503 ‹leleotu
776 3443 861 3520 rique
884 3440 983 3502 lruare
1005 3450 1070 3512 tua,

376 3540 516 3602 Hostibus
538 3540 685 3621 Euganeis
707 3545 745 3603 ita
769 3541 880 3604 bellum
903 3543 1013 3604 iulerre
1035 3559 1158 3604 necesse
1180 3550 1244 3610 est,

462 3643 506 3705 Ne
527 3645 623 3721 pariat
644 3661 783 3721 maguum
807 3663 896 3723 parra
919 3643 1013 3704 larilla
1037 3660 1153 3722 rogum.

377 3745 461 3824 Saepe
484 3745 548 3806 baec
571 3745 735 3807 essarium
756 3746 849 3824 posita
872 3747 952 3806 stetit
974 3744 1059 3806 obice
1081 3752 1201 3815 contra,

325 3866 365 3908 uc
461 3847 539 3908 Urbs
560 3846 623 3908 lraec
647 3846 773 3908 lortunis
795 3846 908 3906 obstitit
929 3865 988 3907 uua
1008 3847 1079 3908 tuis.

175 3998 380 4017 *q*

242 4082 277 4119 ¹⁸¹
293 4085 353 4135 lom
372 4098 399 4134 s.
414 4081 489 4135 laco.
507 4084 676 4134 Venetorum
698 4098 761 4134 cum
784 4083 979 4137 (lensiensibus
1001 4083 1119 4135 dissidia
1140 4082 1271 4150 bellaque
1295 4089 1467 4143 extreman

173 4168 273 4220 blodo
291 4168 374 4220 robus
391 4168 442 4218 aab
461 4168 577 4218 ducibus
595 4167 736 4219 (lennensi
754 4168 901 4219 Dominioo
918 4170 1051 4234 Fregoso‚
1069 4168 1178 4219 Veneto
1188 4169 1301 4220 Andro·
1313 4169 1468 4221 Contsrono

175 4269 202 4303 ι.
217 4253 831 4320 13111111.ωςιιωιιριοοιιιτιιιτίηουεεω
843 4268 870 4303 a.
880 4251 954 4304 1381.
969 4254 1066 4302 initam
1081 4253 1168 4318 gestis
1178 4267 1269 4304 sermo
1281 4258 1333 4304 est.
1376 4253 1410 4287 ¹⁸⁸
1427 4252 1468 4304 cs.

174 4338 239 4390 Tor.
251 4340 340 4391 Maur.
356 4335 506 4390 nooaroo.
525 4338 679 4400 „Pontibus
697 4339 824 4389 instrutio
836 4338 981 4388 coniunxit
993 4338 1074 4388 litora
1086 4363 1118 4374 —
1130 4339 1191 4388 --”.
1239 4335 1273 4370 ¹⁸⁴
1285 4337 1388 4389 Orotus
1400 4338 1468 4388 llut-

174 4426 240 4473 teuo
251 4421 297 4473 blo
311 4426 355 4473 est
365 4428 481 4474 venator
493 4421 606 4486 (studio
617 4425 774 4475 venationis
786 4424 917 4473 exerceri'
931 4422 1036 4473 solitus’
1048 4422 1151 4489 Hygin.
1162 4427 1236 4488 poet.
1247 4429 1353 4474 astron
1363 4423 1468 4484 Mb),

106 4506 109 4511 ’
175 4519 231 4556 uon
248 4520 314 4557 suna
326 4506 373 4558 ille
387 4509 493 4559 amicus
504 4509 593 4571 lepor.
613 4506 749 4571 (AEtolul,
768 4509 809 4562 bet
820 4506 953 4574 bltblime’¹
972 4508 1090 4572 Mueck.)
1142 4506 1175 4541 ¹¹²
1191 4504 1255 4574 ubi]
1268 4507 1468 4558 Maximillae.

175 4587 211 4622 ¹⁸⁸
233 4591 355 4642 conditio
375 4594 401 4643 3.
469 4590 503 4625 ¹⁰³
526 4593 599 4643 Eoos
624 4590 687 4658 tyn]
711 4594 825 4642 'l'ureas
894 4592 928 4625 ²⁰⁸
951 4592 969 4641 i.
988 4608 1012 4643 e.
1031 4598 1244 4659 recuperaretur
1266 4596 1342 4643 torro
1365 4597 1470 4643 mett

175 4670 210 4704 ¹¹⁴
227 4670 284 4736 op
294 4672 382 4738 stupet
391 4675 454 4739 fluat
466 4674 521 4730 Usu
533 4674 646 4738 1111111111
660 4677 726 4730 bom.
746 4677 823 4729 Heu.
836 4677 891 4729 rol.
903 4678 939 4727 ll.
953 4693 979 4743 p.
992 4676 1033 4730 113.
1046 4694 1072 4730 v.
1086 4679 1110 4731 7.
1123 4694 1165 4744 sq.
1273 4661 1279 4669 ’
