<?xml version="1.0" encoding="UTF-8"?>
<!DOCTYPE html PUBLIC "-//W3C//DTD XHTML 1.0 Transitional//EN"
    "http://www.w3.org/TR/xhtml1/DTD/xhtml1-transitional.dtd">
<html xmlns="http://www.w3.org/1999/xhtml" xml:lang="en" lang="en">
 <head>
  <title>
</title>
<meta http-equiv="Content-Type" content="text/html;charset=utf-8" />
  <meta name='ocr-system' content='tesseract 3.04.00' />
  <meta name='ocr-capabilities' content='ocr_page ocr_carea ocr_par ocr_line ocrx_word'/>
</head>
<body>
  <div class='ocr_page' id='page_1' title='image "./ulrichihuttenie08huttgoog_0393.png"; bbox 0 0 3270 5354; ppageno 0'>
   <div class='ocr_carea' id='block_1_1' title="bbox 186 363 1292 437">
    <p class='ocr_par' dir='ltr' id='par_1_1' title="bbox 186 363 1292 437">
     <span class='ocr_line' id='line_1_1' title="bbox 186 363 1292 437; baseline -0.005 -10"><span class='ocrx_word' id='word_1_1' title='bbox 186 363 259 437; x_wconf 71' lang='grc'><strong>354</strong></span> <span class='ocrx_word' id='word_1_2' title='bbox 362 391 485 428; x_wconf 75' lang='lat' dir='ltr'>RVTTBNI</span> <span class='ocrx_word' id='word_1_3' title='bbox 500 391 529 426; x_wconf 78' lang='lat' dir='ltr'><strong>tn</strong></span> <span class='ocrx_word' id='word_1_4' title='bbox 543 390 740 425; x_wconf 71' lang='lat' dir='ltr'><strong>ussermann</strong></span> <span class='ocrx_word' id='word_1_5' title='bbox 754 388 940 425; x_wconf 72' lang='lat' dir='ltr'><strong>uoovurtrtntr</strong></span> <span class='ocrx_word' id='word_1_6' title='bbox 952 388 1073 423; x_wconf 70' lang='grc' dir='ltr'><strong>ΔΒΒΕΒῊ</strong></span> <span class='ocrx_word' id='word_1_7' title='bbox 1087 387 1292 425; x_wconf 73' lang='lat' dir='ltr'><strong>rnnnomcvs.</strong></span> 
     </span>
    </p>
   </div>
   <div class='ocr_carea' id='block_1_2' title="bbox 349 544 1509 4291">
    <p class='ocr_par' dir='ltr' id='par_1_2' title="bbox 349 544 1247 932">
     <span class='ocr_line' id='line_1_2' title="bbox 349 544 1247 624; baseline -0.006 -14"><span class='ocrx_word' id='word_1_8' title='bbox 349 571 374 610; x_wconf 87' lang='lat' dir='ltr'><strong>m</strong></span> <span class='ocrx_word' id='word_1_9' title='bbox 389 547 494 608; x_wconf 87' lang='lat' dir='ltr'><strong>Nostra</strong></span> <span class='ocrx_word' id='word_1_10' title='bbox 518 552 720 624; x_wconf 78' lang='lat' dir='ltr'><strong>capessentem</strong></span> <span class='ocrx_word' id='word_1_11' title='bbox 743 553 771 604; x_wconf 92' lang='lat' dir='ltr'><strong>et</strong></span> <span class='ocrx_word' id='word_1_12' title='bbox 794 546 969 623; x_wconf 81' lang='lat' dir='ltr'><strong>migrantem</strong></span> <span class='ocrx_word' id='word_1_13' title='bbox 993 563 1008 604; x_wconf 90' lang='lat' dir='ltr'><strong>a</strong></span> <span class='ocrx_word' id='word_1_14' title='bbox 1031 544 1247 624; x_wconf 84' lang='lat' dir='ltr'><strong>sede&#39;paterna</strong></span> 
     </span>
     <span class='ocr_line' id='line_1_3' title="bbox 389 645 1148 717; baseline -0.004 -8"><span class='ocrx_word' id='word_1_15' title='bbox 389 648 481 709; x_wconf 82' lang='lat' dir='ltr'><strong>Roma</strong></span> <span class='ocrx_word' id='word_1_16' title='bbox 504 656 686 717; x_wconf 84' lang='lat' dir='ltr'><strong>moraretur,</strong></span> <span class='ocrx_word' id='word_1_17' title='bbox 711 656 813 707; x_wconf 77' lang='lat' dir='ltr'><strong>mresta</strong></span> <span class='ocrx_word' id='word_1_18' title='bbox 836 649 923 707; x_wconf 87' lang='lat' dir='ltr'><strong>timor</strong></span> <span class='ocrx_word' id='word_1_19' title='bbox 946 646 1051 707; x_wconf 77' lang='lat' dir='ltr'><strong>arrrius</strong></span> <span class='ocrx_word' id='word_1_20' title='bbox 1073 645 1148 707; x_wconf 91' lang='lat' dir='ltr'><strong>urbe</strong></span> 
     </span>
     <span class='ocr_line' id='line_1_4' title="bbox 389 748 1135 829; baseline -0.005 -18"><span class='ocrx_word' id='word_1_21' title='bbox 389 751 524 811; x_wconf 75' lang='lat' dir='ltr'><strong>Destituit</strong></span> <span class='ocrx_word' id='word_1_22' title='bbox 547 757 661 810; x_wconf 77' lang='lat' dir='ltr'><strong>urentes</strong></span> <span class='ocrx_word' id='word_1_23' title='bbox 683 750 854 829; x_wconf 86' lang='lat' dir='ltr'><strong>animusque</strong></span> <span class='ocrx_word' id='word_1_24' title='bbox 877 748 984 809; x_wconf 90' lang='lat' dir='ltr'><strong>abiecit</strong></span> <span class='ocrx_word' id='word_1_25' title='bbox 1006 755 1036 809; x_wconf 91' lang='lat' dir='ltr'><strong>et</strong></span> <span class='ocrx_word' id='word_1_26' title='bbox 1058 749 1135 808; x_wconf 90' lang='lat' dir='ltr'><strong>intra</strong></span> 
     </span>
     <span class='ocr_line' id='line_1_5' title="bbox 390 848 1193 932; baseline -0.006 -18"><span class='ocrx_word' id='word_1_27' title='bbox 390 855 538 932; x_wconf 84' lang='lat' dir='ltr'><strong>Spemque</strong></span> <span class='ocrx_word' id='word_1_28' title='bbox 561 859 731 930; x_wconf 88' lang='lat' dir='ltr'><strong>metumque</strong></span> <span class='ocrx_word' id='word_1_29' title='bbox 755 852 809 912; x_wconf 84' lang='lat' dir='ltr'><strong>tuit</strong></span> <span class='ocrx_word' id='word_1_30' title='bbox 830 849 911 911; x_wconf 91' lang='lat' dir='ltr'><strong>dubii</strong></span> <span class='ocrx_word' id='word_1_31' title='bbox 933 852 1077 911; x_wconf 87' lang='lat' dir='ltr'><strong>sententia</strong></span> <span class='ocrx_word' id='word_1_32' title='bbox 1101 848 1193 927; x_wconf 82' lang='lat' dir='ltr'><strong>vulgi,</strong></span> 
     </span>
    </p>

    <p class='ocr_par' dir='ltr' id='par_1_3' title="bbox 389 951 1179 1016">
     <span class='ocr_line' id='line_1_6' title="bbox 389 951 1179 1016; baseline -0.006 -1"><span class='ocrx_word' id='word_1_33' title='bbox 389 956 449 1016; x_wconf 83' lang='lat' dir='ltr'><strong>Seu</strong></span> <span class='ocrx_word' id='word_1_34' title='bbox 472 954 524 1014; x_wconf 91' lang='lat' dir='ltr'><strong>tibi</strong></span> <span class='ocrx_word' id='word_1_35' title='bbox 546 972 658 1014; x_wconf 90' lang='lat' dir='ltr'><strong>summa</strong></span> <span class='ocrx_word' id='word_1_36' title='bbox 682 953 749 1013; x_wconf 90' lang='lat' dir='ltr'><strong>duci</strong></span> <span class='ocrx_word' id='word_1_37' title='bbox 772 971 872 1013; x_wconf 86' lang='lat' dir='ltr'><strong>rerum</strong></span> <span class='ocrx_word' id='word_1_38' title='bbox 896 955 1053 1013; x_wconf 87' lang='lat' dir='ltr'><strong>commissa</strong></span> <span class='ocrx_word' id='word_1_39' title='bbox 1076 951 1179 1012; x_wconf 84' lang='lat' dir='ltr'><strong>suisset</strong></span> 
     </span>
    </p>

    <p class='ocr_par' dir='ltr' id='par_1_4' title="bbox 351 1052 1246 1531">
     <span class='ocr_line' id='line_1_7' title="bbox 351 1052 1228 1133; baseline -0.007 -14"><span class='ocrx_word' id='word_1_40' title='bbox 351 1081 374 1120; x_wconf 84' lang='lat' dir='ltr'><strong>rs</strong></span> <span class='ocrx_word' id='word_1_41' title='bbox 390 1055 562 1118; x_wconf 83' lang='lat' dir='ltr'><strong>Consultum</strong></span> <span class='ocrx_word' id='word_1_42' title='bbox 585 1056 631 1115; x_wconf 91' lang='lat' dir='ltr'><strong>bis</strong></span> <span class='ocrx_word' id='word_1_43' title='bbox 653 1056 755 1123; x_wconf 90' lang='lat' dir='ltr'><strong>terris,</strong></span> <span class='ocrx_word' id='word_1_44' title='bbox 779 1074 830 1115; x_wconf 93' lang='lat' dir='ltr'><strong>seu</strong></span> <span class='ocrx_word' id='word_1_45' title='bbox 854 1075 885 1115; x_wconf 91' lang='lat' dir='ltr'><strong>se</strong></span> <span class='ocrx_word' id='word_1_46' title='bbox 907 1055 1075 1133; x_wconf 86' lang='lat' dir='ltr'><strong>importuna</strong></span> <span class='ocrx_word' id='word_1_47' title='bbox 1098 1052 1228 1114; x_wconf 89' lang='lat' dir='ltr'><strong>dedisset</strong></span> 
     </span>
     <span class='ocr_line' id='line_1_8' title="bbox 389 1156 1245 1234; baseline -0.005 -15"><span class='ocrx_word' id='word_1_48' title='bbox 389 1159 422 1219; x_wconf 89' lang='lat' dir='ltr'><strong>iu</strong></span> <span class='ocrx_word' id='word_1_49' title='bbox 444 1158 574 1218; x_wconf 83' lang='lat' dir='ltr'><strong>inedium</strong></span> <span class='ocrx_word' id='word_1_50' title='bbox 597 1159 686 1227; x_wconf 84' lang='lat' dir='ltr'><strong>ratio,</strong></span> <span class='ocrx_word' id='word_1_51' title='bbox 710 1156 916 1234; x_wconf 90' lang='lat' dir='ltr'><strong>trepidandum</strong></span> <span class='ocrx_word' id='word_1_52' title='bbox 940 1156 1066 1217; x_wconf 77' lang='lat' dir='ltr'><strong>beurere</strong></span> <span class='ocrx_word' id='word_1_53' title='bbox 1087 1173 1245 1234; x_wconf 89' lang='lat' dir='ltr'><strong>supremo:</strong></span> 
     </span>
     <span class='ocr_line' id='line_1_9' title="bbox 389 1257 1034 1338; baseline -0.008 -16"><span class='ocrx_word' id='word_1_54' title='bbox 389 1262 421 1322; x_wconf 92' lang='lat' dir='ltr'><strong>ln</strong></span> <span class='ocrx_word' id='word_1_55' title='bbox 445 1269 473 1320; x_wconf 93' lang='lat' dir='ltr'><strong>te</strong></span> <span class='ocrx_word' id='word_1_56' title='bbox 496 1278 564 1338; x_wconf 91' lang='lat' dir='ltr'><strong>spes</strong></span> <span class='ocrx_word' id='word_1_57' title='bbox 586 1259 714 1337; x_wconf 89' lang='lat' dir='ltr'><strong>cupidis,</strong></span> <span class='ocrx_word' id='word_1_58' title='bbox 738 1260 768 1318; x_wconf 90' lang='lat' dir='ltr'><strong>iu</strong></span> <span class='ocrx_word' id='word_1_59' title='bbox 792 1267 820 1318; x_wconf 90' lang='lat' dir='ltr'><strong>te</strong></span> <span class='ocrx_word' id='word_1_60' title='bbox 843 1258 949 1319; x_wconf 85' lang='lat' dir='ltr'><strong>fiducia</strong></span> <span class='ocrx_word' id='word_1_61' title='bbox 971 1257 1034 1318; x_wconf 88' lang='lat' dir='ltr'><strong>selu</strong></span> 
     </span>
     <span class='ocr_line' id='line_1_10' title="bbox 390 1358 1246 1439; baseline -0.006 -16"><span class='ocrx_word' id='word_1_62' title='bbox 390 1362 534 1423; x_wconf 86' lang='lat' dir='ltr'><strong>Omnibus</strong></span> <span class='ocrx_word' id='word_1_63' title='bbox 556 1360 613 1421; x_wconf 87' lang='lat' dir='ltr'><strong>atta</strong></span> <span class='ocrx_word' id='word_1_64' title='bbox 635 1361 729 1431; x_wconf 88' lang='lat' dir='ltr'><strong>stetit,</strong></span> <span class='ocrx_word' id='word_1_65' title='bbox 752 1360 845 1438; x_wconf 85' lang='lat' dir='ltr'><strong>posita</strong></span> <span class='ocrx_word' id='word_1_66' title='bbox 869 1367 971 1420; x_wconf 83' lang='lat' dir='ltr'><strong>estex</strong></span> <span class='ocrx_word' id='word_1_67' title='bbox 994 1367 1080 1439; x_wconf 90' lang='lat' dir='ltr'><strong>teque</strong></span> <span class='ocrx_word' id='word_1_68' title='bbox 1102 1358 1246 1439; x_wconf 85' lang='lat' dir='ltr'><strong>pependit</strong></span> 
     </span>
     <span class='ocr_line' id='line_1_11' title="bbox 390 1460 1213 1531; baseline -0.007 -6"><span class='ocrx_word' id='word_1_69' title='bbox 390 1464 507 1525; x_wconf 84' lang='lat' dir='ltr'><strong>Civibus</strong></span> <span class='ocrx_word' id='word_1_70' title='bbox 530 1482 587 1523; x_wconf 83' lang='lat' dir='ltr'><strong>urm</strong></span> <span class='ocrx_word' id='word_1_71' title='bbox 611 1462 704 1531; x_wconf 82' lang='lat' dir='ltr'><strong>salus,</strong></span> <span class='ocrx_word' id='word_1_72' title='bbox 729 1469 760 1522; x_wconf 93' lang='lat' dir='ltr'><strong>ut</strong></span> <span class='ocrx_word' id='word_1_73' title='bbox 781 1463 805 1522; x_wconf 91' lang='lat' dir='ltr'><strong>si</strong></span> <span class='ocrx_word' id='word_1_74' title='bbox 828 1470 859 1521; x_wconf 91' lang='lat' dir='ltr'><strong>tu</strong></span> <span class='ocrx_word' id='word_1_75' title='bbox 882 1462 945 1522; x_wconf 81' lang='lat' dir='ltr'><strong>lroee</strong></span> <span class='ocrx_word' id='word_1_76' title='bbox 969 1480 1093 1524; x_wconf 88' lang='lat' dir='ltr'><strong>munera</strong></span> <span class='ocrx_word' id='word_1_77' title='bbox 1117 1460 1213 1522; x_wconf 87' lang='lat' dir='ltr'><strong>nolies</strong></span> 
     </span>
    </p>

    <p class='ocr_par' dir='ltr' id='par_1_5' title="bbox 352 1563 1072 1643">
     <span class='ocr_line' id='line_1_12' title="bbox 352 1563 1072 1643; baseline -0.003 -17"><span class='ocrx_word' id='word_1_78' title='bbox 352 1586 377 1627; x_wconf 83' lang='lat' dir='ltr'><strong>m</strong></span> <span class='ocrx_word' id='word_1_79' title='bbox 392 1564 590 1643; x_wconf 82' lang='lat' dir='ltr'><strong>Oblatumque</strong></span> <span class='ocrx_word' id='word_1_80' title='bbox 611 1563 664 1624; x_wconf 91' lang='lat' dir='ltr'><strong>tibi</strong></span> <span class='ocrx_word' id='word_1_81' title='bbox 687 1564 889 1640; x_wconf 79' lang='lat' dir='ltr'><strong>dedignareris</strong></span> <span class='ocrx_word' id='word_1_82' title='bbox 911 1563 1072 1634; x_wconf 84' lang='lat' dir='ltr'><strong>bonorem,</strong></span> 
     </span>
    </p>

    <p class='ocr_par' dir='ltr' id='par_1_6' title="bbox 390 1665 1148 1744">
     <span class='ocr_line' id='line_1_13' title="bbox 390 1665 1148 1744; baseline -0.001 -17"><span class='ocrx_word' id='word_1_83' title='bbox 390 1668 496 1727; x_wconf 90' lang='lat' dir='ltr'><strong>Essent</strong></span> <span class='ocrx_word' id='word_1_84' title='bbox 518 1667 648 1726; x_wconf 75' lang='lat' dir='ltr'><strong>tristiciae</strong></span> <span class='ocrx_word' id='word_1_85' title='bbox 671 1665 757 1744; x_wconf 90' lang='lat' dir='ltr'><strong>plena</strong></span> <span class='ocrx_word' id='word_1_86' title='bbox 780 1667 892 1736; x_wconf 83' lang='lat' dir='ltr'><strong>omnia,</strong></span> <span class='ocrx_word' id='word_1_87' title='bbox 917 1665 1001 1744; x_wconf 90' lang='lat' dir='ltr'><strong>plena</strong></span> <span class='ocrx_word' id='word_1_88' title='bbox 1025 1667 1148 1727; x_wconf 86' lang='lat' dir='ltr'><strong>timeris.</strong></span> 
     </span>
    </p>

    <p class='ocr_par' dir='ltr' id='par_1_7' title="bbox 391 1766 1181 1847">
     <span class='ocr_line' id='line_1_14' title="bbox 391 1766 1181 1847; baseline 0 -20"><span class='ocrx_word' id='word_1_89' title='bbox 391 1767 472 1838; x_wconf 80' lang='lat' dir='ltr'><strong>Ques</strong></span> <span class='ocrx_word' id='word_1_90' title='bbox 494 1769 632 1847; x_wconf 88' lang='lat' dir='ltr'><strong>queniam</strong></span> <span class='ocrx_word' id='word_1_91' title='bbox 656 1776 777 1828; x_wconf 80' lang='lat' dir='ltr'><strong>eventus</strong></span> <span class='ocrx_word' id='word_1_92' title='bbox 800 1767 904 1828; x_wconf 85' lang='lat' dir='ltr'><strong>melier</strong></span> <span class='ocrx_word' id='word_1_93' title='bbox 927 1768 1043 1830; x_wconf 80' lang='lat' dir='ltr'><strong>fortuna</strong></span> <span class='ocrx_word' id='word_1_94' title='bbox 1066 1766 1181 1847; x_wconf 81' lang='lat' dir='ltr'><strong>redegit</strong></span> 
     </span>
    </p>

    <p class='ocr_par' dir='ltr' id='par_1_8' title="bbox 389 1868 1227 1948">
     <span class='ocr_line' id='line_1_15' title="bbox 389 1868 1227 1948; baseline -0.005 -16"><span class='ocrx_word' id='word_1_95' title='bbox 389 1868 555 1932; x_wconf 82' lang='lat' dir='ltr'><strong>Iucundum</strong></span> <span class='ocrx_word' id='word_1_96' title='bbox 580 1874 608 1930; x_wconf 94' lang='lat' dir='ltr'><strong>in</strong></span> <span class='ocrx_word' id='word_1_97' title='bbox 631 1871 734 1931; x_wconf 80' lang='lat' dir='ltr'><strong>faeiem</strong></span> <span class='ocrx_word' id='word_1_98' title='bbox 756 1869 936 1948; x_wconf 86' lang='lat' dir='ltr'><strong>tulimusque</strong></span> <span class='ocrx_word' id='word_1_99' title='bbox 959 1878 1056 1948; x_wconf 75' lang='lat' dir='ltr'><strong>optma</strong></span> <span class='ocrx_word' id='word_1_100' title='bbox 1080 1870 1227 1937; x_wconf 86' lang='lat' dir='ltr'><strong>iareutes,</strong></span> 
     </span>
    </p>

    <p class='ocr_par' dir='ltr' id='par_1_9' title="bbox 352 1963 1301 2152">
     <span class='ocr_line' id='line_1_16' title="bbox 391 1963 1301 2052; baseline -0.003 -18"><span class='ocrx_word' id='word_1_101' title='bbox 391 1971 513 2034; x_wconf 82' lang='lat' dir='ltr'><strong>Reddita</strong></span> <span class='ocrx_word' id='word_1_102' title='bbox 538 1971 627 2033; x_wconf 87' lang='lat' dir='ltr'><strong>cerda</strong></span> <span class='ocrx_word' id='word_1_103' title='bbox 650 1971 707 2032; x_wconf 92' lang='lat' dir='ltr'><strong>sibi</strong></span> <span class='ocrx_word' id='word_1_104' title='bbox 728 1970 923 2051; x_wconf 89' lang='lat' dir='ltr'><strong>perculsaque</strong></span> <span class='ocrx_word' id='word_1_105' title='bbox 946 1980 1066 2052; x_wconf 85' lang='lat' dir='ltr'><strong>pectora</strong></span> <span class='ocrx_word' id='word_1_106' title='bbox 1089 1972 1208 2032; x_wconf 87' lang='lat' dir='ltr'><strong>taudem</strong></span> <span class='ocrx_word' id='word_1_107' title='bbox 1300 1963 1301 1966; x_wconf 49' lang='lat'>&#39;</span> 
     </span>
     <span class='ocr_line' id='line_1_17' title="bbox 352 2073 1122 2152; baseline -0.001 -19"><span class='ocrx_word' id='word_1_108' title='bbox 352 2096 378 2134; x_wconf 78' lang='lat' dir='ltr'><strong>es</strong></span> <span class='ocrx_word' id='word_1_109' title='bbox 394 2073 426 2133; x_wconf 91' lang='lat' dir='ltr'><strong>in</strong></span> <span class='ocrx_word' id='word_1_110' title='bbox 450 2073 546 2134; x_wconf 79' lang='lat' dir='ltr'><strong>cultus</strong></span> <span class='ocrx_word' id='word_1_111' title='bbox 569 2074 684 2134; x_wconf 90' lang='lat' dir='ltr'><strong>rediere</strong></span> <span class='ocrx_word' id='word_1_112' title='bbox 707 2092 790 2143; x_wconf 87' lang='lat' dir='ltr'><strong>sues,</strong></span> <span class='ocrx_word' id='word_1_113' title='bbox 815 2073 878 2133; x_wconf 81' lang='lat' dir='ltr'><strong>beta</strong></span> <span class='ocrx_word' id='word_1_114' title='bbox 902 2074 999 2134; x_wconf 88' lang='lat' dir='ltr'><strong>emnia</strong></span> <span class='ocrx_word' id='word_1_115' title='bbox 1022 2073 1122 2152; x_wconf 87' lang='lat' dir='ltr'><strong>pulsu,</strong></span> 
     </span>
    </p>

    <p class='ocr_par' dir='ltr' id='par_1_10' title="bbox 392 2175 1196 2255">
     <span class='ocr_line' id='line_1_18' title="bbox 392 2175 1196 2255; baseline -0.002 -18"><span class='ocrx_word' id='word_1_116' title='bbox 392 2176 496 2237; x_wconf 79' lang='lat' dir='ltr'><strong>Omina</strong></span> <span class='ocrx_word' id='word_1_117' title='bbox 521 2175 592 2245; x_wconf 85' lang='lat' dir='ltr'><strong>tide,</strong></span> <span class='ocrx_word' id='word_1_118' title='bbox 616 2183 710 2245; x_wconf 79' lang='lat' dir='ltr'><strong>nictu,</strong></span> <span class='ocrx_word' id='word_1_119' title='bbox 735 2175 878 2253; x_wconf 88' lang='lat' dir='ltr'><strong>gaudent,</strong></span> <span class='ocrx_word' id='word_1_120' title='bbox 903 2178 970 2255; x_wconf 86' lang='lat' dir='ltr'><strong>quin</strong></span> <span class='ocrx_word' id='word_1_121' title='bbox 993 2175 1070 2236; x_wconf 87' lang='lat' dir='ltr'><strong>mele</strong></span> <span class='ocrx_word' id='word_1_122' title='bbox 1093 2175 1196 2253; x_wconf 89' lang='lat' dir='ltr'><strong>pericli</strong></span> 
     </span>
    </p>

    <p class='ocr_par' dir='ltr' id='par_1_11' title="bbox 392 2276 1214 2356">
     <span class='ocr_line' id='line_1_19' title="bbox 392 2276 1214 2356; baseline 0.001 -19"><span class='ocrx_word' id='word_1_123' title='bbox 392 2278 434 2338; x_wconf 87' lang='lat' dir='ltr'><strong>Te</strong></span> <span class='ocrx_word' id='word_1_124' title='bbox 456 2279 518 2337; x_wconf 91' lang='lat' dir='ltr'><strong>sine</strong></span> <span class='ocrx_word' id='word_1_125' title='bbox 541 2276 619 2337; x_wconf 78' lang='lat' dir='ltr'><strong>nulla</strong></span> <span class='ocrx_word' id='word_1_126' title='bbox 643 2277 696 2336; x_wconf 82' lang='lat' dir='ltr'><strong>tuit</strong></span> <span class='ocrx_word' id='word_1_127' title='bbox 718 2277 864 2354; x_wconf 89' lang='lat' dir='ltr'><strong>gaudendi</strong></span> <span class='ocrx_word' id='word_1_128' title='bbox 886 2279 1016 2348; x_wconf 85' lang='lat' dir='ltr'><strong>occasio,</strong></span> <span class='ocrx_word' id='word_1_129' title='bbox 1039 2285 1214 2356; x_wconf 88' lang='lat' dir='ltr'><strong>tantumque</strong></span> 
     </span>
    </p>

    <p class='ocr_par' dir='ltr' id='par_1_12' title="bbox 392 2377 1303 2458">
     <span class='ocr_line' id='line_1_20' title="bbox 392 2377 1303 2458; baseline -0.002 -19"><span class='ocrx_word' id='word_1_130' title='bbox 392 2378 456 2439; x_wconf 88' lang='lat' dir='ltr'><strong>iiue</strong></span> <span class='ocrx_word' id='word_1_131' title='bbox 479 2387 576 2439; x_wconf 90' lang='lat' dir='ltr'><strong>tecum</strong></span> <span class='ocrx_word' id='word_1_132' title='bbox 598 2379 746 2440; x_wconf 82' lang='lat' dir='ltr'><strong>irivebitur</strong></span> <span class='ocrx_word' id='word_1_133' title='bbox 768 2377 856 2448; x_wconf 89' lang='lat' dir='ltr'><strong>lucis,</strong></span> <span class='ocrx_word' id='word_1_134' title='bbox 881 2387 1022 2458; x_wconf 89' lang='lat' dir='ltr'><strong>quantum</strong></span> <span class='ocrx_word' id='word_1_135' title='bbox 1046 2378 1184 2440; x_wconf 87' lang='lat' dir='ltr'><strong>omnibus</strong></span> <span class='ocrx_word' id='word_1_136' title='bbox 1206 2378 1303 2439; x_wconf 81' lang='lat' dir='ltr'><strong>aufert</strong></span> 
     </span>
    </p>

    <p class='ocr_par' dir='ltr' id='par_1_13' title="bbox 392 2480 1149 2559">
     <span class='ocr_line' id='line_1_21' title="bbox 392 2480 1149 2559; baseline 0.001 -19"><span class='ocrx_word' id='word_1_137' title='bbox 392 2481 446 2541; x_wconf 90' lang='lat' dir='ltr'><strong>Hic</strong></span> <span class='ocrx_word' id='word_1_138' title='bbox 468 2490 536 2541; x_wconf 89' lang='lat' dir='ltr'><strong>tuus</strong></span> <span class='ocrx_word' id='word_1_139' title='bbox 558 2481 699 2543; x_wconf 88' lang='lat' dir='ltr'><strong>adventus</strong></span> <span class='ocrx_word' id='word_1_140' title='bbox 721 2480 837 2542; x_wconf 72' lang='lat' dir='ltr'><strong>nebule</strong></span> <span class='ocrx_word' id='word_1_141' title='bbox 860 2491 888 2542; x_wconf 88' lang='lat' dir='ltr'><strong>et</strong></span> <span class='ocrx_word' id='word_1_142' title='bbox 910 2480 1042 2559; x_wconf 78' lang='lat' dir='ltr'><strong>caliginis</strong></span> <span class='ocrx_word' id='word_1_143' title='bbox 1063 2488 1149 2541; x_wconf 76' lang='lat' dir='ltr'><strong>atre..</strong></span> 
     </span>
    </p>

    <p class='ocr_par' dir='ltr' id='par_1_14' title="bbox 352 2564 1509 3069">
     <span class='ocr_line' id='line_1_22' title="bbox 352 2564 1509 2664; baseline -0.003 -20"><span class='ocrx_word' id='word_1_144' title='bbox 352 2605 378 2644; x_wconf 83' lang='lat' dir='ltr'><strong>aa</strong></span> <span class='ocrx_word' id='word_1_145' title='bbox 393 2585 493 2662; x_wconf 50' lang='lat' dir='ltr'><strong>lionga</strong></span> <span class='ocrx_word' id='word_1_146' title='bbox 516 2602 599 2644; x_wconf 87' lang='lat' dir='ltr'><strong>mora</strong></span> <span class='ocrx_word' id='word_1_147' title='bbox 621 2590 665 2643; x_wconf 92' lang='lat' dir='ltr'><strong>cst</strong></span> <span class='ocrx_word' id='word_1_148' title='bbox 687 2602 752 2661; x_wconf 80' lang='lat' dir='ltr'><strong>quae</strong></span> <span class='ocrx_word' id='word_1_149' title='bbox 774 2590 803 2644; x_wconf 93' lang='lat' dir='ltr'><strong>te</strong></span> <span class='ocrx_word' id='word_1_150' title='bbox 826 2583 934 2651; x_wconf 86' lang='lat' dir='ltr'><strong>tenuit;</strong></span> <span class='ocrx_word' id='word_1_151' title='bbox 957 2583 1069 2643; x_wconf 82' lang='lat' dir='ltr'><strong>fastidia</strong></span> <span class='ocrx_word' id='word_1_152' title='bbox 1091 2582 1195 2661; x_wconf 84' lang='lat' dir='ltr'><strong>longa,</strong></span> <span class='ocrx_word' id='word_1_153' title='bbox 1326 2564 1509 2664; x_wconf 54' lang='lat' dir='ltr'><strong>lm*</strong></span> 
     </span>
     <span class='ocr_line' id='line_1_23' title="bbox 393 2683 1229 2764; baseline -0.004 -18"><span class='ocrx_word' id='word_1_154' title='bbox 393 2686 469 2746; x_wconf 87' lang='lat' dir='ltr'><strong>Dum</strong></span> <span class='ocrx_word' id='word_1_155' title='bbox 491 2686 605 2758; x_wconf 77' lang='lat' dir='ltr'><strong>veniae,</strong></span> <span class='ocrx_word' id='word_1_156' title='bbox 628 2683 729 2746; x_wconf 88' lang='lat' dir='ltr'><strong>aluere</strong></span> <span class='ocrx_word' id='word_1_157' title='bbox 752 2692 832 2754; x_wconf 89' lang='lat' dir='ltr'><strong>tu0s;</strong></span> <span class='ocrx_word' id='word_1_158' title='bbox 856 2683 1052 2745; x_wconf 83' lang='lat' dir='ltr'><strong>succumbere</strong></span> <span class='ocrx_word' id='word_1_159' title='bbox 1074 2691 1229 2764; x_wconf 87' lang='lat' dir='ltr'><strong>postquam</strong></span> 
     </span>
     <span class='ocr_line' id='line_1_24' title="bbox 393 2786 1257 2864; baseline 0.003 -17"><span class='ocrx_word' id='word_1_160' title='bbox 393 2788 477 2848; x_wconf 82' lang='lat' dir='ltr'><strong>Visus</strong></span> <span class='ocrx_word' id='word_1_161' title='bbox 501 2806 532 2846; x_wconf 87' lang='lat' dir='ltr'><strong>es</strong></span> <span class='ocrx_word' id='word_1_162' title='bbox 555 2787 599 2846; x_wconf 91' lang='lat' dir='ltr'><strong>bis</strong></span> <span class='ocrx_word' id='word_1_163' title='bbox 620 2786 754 2856; x_wconf 78' lang='lat' dir='ltr'><strong>annuitis,</strong></span> <span class='ocrx_word' id='word_1_164' title='bbox 777 2805 836 2847; x_wconf 88' lang='lat' dir='ltr'><strong>nen</strong></span> <span class='ocrx_word' id='word_1_165' title='bbox 861 2805 892 2847; x_wconf 93' lang='lat' dir='ltr'><strong>es</strong></span> <span class='ocrx_word' id='word_1_166' title='bbox 913 2787 1075 2864; x_wconf 89' lang='lat' dir='ltr'><strong>procedere</strong></span> <span class='ocrx_word' id='word_1_167' title='bbox 1099 2787 1177 2847; x_wconf 83' lang='lat' dir='ltr'><strong>visus</strong></span> <span class='ocrx_word' id='word_1_168' title='bbox 1255 2846 1257 2850; x_wconf 86' lang='grc'><em>,</em></span> 
     </span>
     <span class='ocr_line' id='line_1_25' title="bbox 393 2887 1102 2967; baseline 0 -18"><span class='ocrx_word' id='word_1_169' title='bbox 393 2890 429 2950; x_wconf 87' lang='grc' dir='ltr'><strong>Εῑ</strong></span> <span class='ocrx_word' id='word_1_170' title='bbox 452 2907 558 2966; x_wconf 87' lang='lat' dir='ltr'><strong>capere</strong></span> <span class='ocrx_word' id='word_1_171' title='bbox 582 2887 711 2949; x_wconf 83' lang='lat' dir='ltr'><strong>oblatum</strong></span> <span class='ocrx_word' id='word_1_172' title='bbox 735 2888 912 2967; x_wconf 80' lang='lat' dir='ltr'><strong>fortunaque</strong></span> <span class='ocrx_word' id='word_1_173' title='bbox 934 2888 1037 2950; x_wconf 84' lang='lat' dir='ltr'><strong>obrius</strong></span> <span class='ocrx_word' id='word_1_174' title='bbox 1059 2889 1102 2950; x_wconf 93' lang='lat' dir='ltr'><strong>uti</strong></span> 
     </span>
     <span class='ocr_line' id='line_1_26' title="bbox 393 2990 1154 3069; baseline -0.001 -18"><span class='ocrx_word' id='word_1_175' title='bbox 393 2992 595 3068; x_wconf 78' lang='lat' dir='ltr'><strong>Praesentiqne</strong></span> <span class='ocrx_word' id='word_1_176' title='bbox 618 2990 691 3050; x_wconf 81' lang='lat' dir='ltr'><strong>frui:</strong></span> <span class='ocrx_word' id='word_1_177' title='bbox 717 2990 786 3050; x_wconf 84' lang='lat' dir='ltr'><strong>sessi</strong></span> <span class='ocrx_word' id='word_1_178' title='bbox 810 2993 1027 3069; x_wconf 82' lang='lat' dir='ltr'><strong>expectavimus</strong></span> <span class='ocrx_word' id='word_1_179' title='bbox 1050 3009 1154 3052; x_wconf 87' lang='lat' dir='ltr'><strong>omncs</strong></span> 
     </span>
    </p>

    <p class='ocr_par' dir='ltr' id='par_1_15' title="bbox 355 3091 1467 3579">
     <span class='ocr_line' id='line_1_27' title="bbox 355 3091 1387 3173; baseline -0.004 -19"><span class='ocrx_word' id='word_1_180' title='bbox 355 3113 380 3154; x_wconf 78' lang='lat' dir='ltr'><strong>as</strong></span> <span class='ocrx_word' id='word_1_181' title='bbox 396 3091 480 3163; x_wconf 75' lang='lat' dir='ltr'><strong>Quod</strong></span> <span class='ocrx_word' id='word_1_182' title='bbox 506 3100 533 3152; x_wconf 90' lang='lat' dir='ltr'><strong>te</strong></span> <span class='ocrx_word' id='word_1_183' title='bbox 555 3093 652 3167; x_wconf 86' lang='lat' dir='ltr'><strong>adigat</strong></span> <span class='ocrx_word' id='word_1_184' title='bbox 675 3100 805 3170; x_wconf 90' lang='lat' dir='ltr'><strong>tempus;</strong></span> <span class='ocrx_word' id='word_1_185' title='bbox 829 3111 906 3171; x_wconf 85' lang='lat' dir='ltr'><strong>saepe</strong></span> <span class='ocrx_word' id='word_1_186' title='bbox 928 3093 1005 3153; x_wconf 87' lang='lat' dir='ltr'><strong>intra</strong></span> <span class='ocrx_word' id='word_1_187' title='bbox 1028 3111 1171 3173; x_wconf 89' lang='lat' dir='ltr'><strong>spemque</strong></span> <span class='ocrx_word' id='word_1_188' title='bbox 1193 3094 1387 3170; x_wconf 89' lang='lat' dir='ltr'><strong>timoremque</strong></span> 
     </span>
     <span class='ocr_line' id='line_1_28' title="bbox 393 3194 1263 3274; baseline -0.001 -19"><span class='ocrx_word' id='word_1_189' title='bbox 393 3194 531 3271; x_wconf 79' lang='lat' dir='ltr'><strong>Ambigui</strong></span> <span class='ocrx_word' id='word_1_190' title='bbox 553 3195 701 3263; x_wconf 90' lang='lat' dir='ltr'><strong>stetimus,</strong></span> <span class='ocrx_word' id='word_1_191' title='bbox 725 3213 762 3255; x_wconf 89' lang='lat' dir='ltr'><strong>nu</strong></span> <span class='ocrx_word' id='word_1_192' title='bbox 786 3213 874 3272; x_wconf 89' lang='lat' dir='ltr'><strong>quam</strong></span> <span class='ocrx_word' id='word_1_193' title='bbox 897 3213 956 3254; x_wconf 92' lang='lat' dir='ltr'><strong>non</strong></span> <span class='ocrx_word' id='word_1_194' title='bbox 980 3213 1121 3274; x_wconf 90' lang='lat' dir='ltr'><strong>prospera</strong></span> <span class='ocrx_word' id='word_1_195' title='bbox 1144 3212 1263 3255; x_wconf 89' lang='lat' dir='ltr'><strong>eausam</strong></span> 
     </span>
     <span class='ocr_line' id='line_1_29' title="bbox 394 3295 1262 3376; baseline -0.002 -18"><span class='ocrx_word' id='word_1_196' title='bbox 394 3297 466 3358; x_wconf 88' lang='lat' dir='ltr'><strong>Sors</strong></span> <span class='ocrx_word' id='word_1_197' title='bbox 488 3296 563 3357; x_wconf 87' lang='lat' dir='ltr'><strong>serat</strong></span> <span class='ocrx_word' id='word_1_198' title='bbox 585 3297 613 3356; x_wconf 91' lang='lat' dir='ltr'><strong>in</strong></span> <span class='ocrx_word' id='word_1_199' title='bbox 636 3296 765 3357; x_wconf 89' lang='lat' dir='ltr'><strong>medium</strong></span> <span class='ocrx_word' id='word_1_200' title='bbox 788 3305 875 3376; x_wconf 89' lang='lat' dir='ltr'><strong>teque</strong></span> <span class='ocrx_word' id='word_1_201' title='bbox 899 3296 967 3356; x_wconf 88' lang='lat' dir='ltr'><strong>bine</strong></span> <span class='ocrx_word' id='word_1_202' title='bbox 989 3299 1109 3357; x_wconf 85' lang='lat' dir='ltr'><strong>ommno</strong></span> <span class='ocrx_word' id='word_1_203' title='bbox 1132 3295 1262 3358; x_wconf 81' lang='lat' dir='ltr'><strong>revellat.</strong></span> 
     </span>
     <span class='ocr_line' id='line_1_30' title="bbox 396 3394 1467 3476; baseline -0.001 -18"><span class='ocrx_word' id='word_1_204' title='bbox 396 3400 445 3459; x_wconf 90' lang='lat' dir='ltr'><strong>Sic</strong></span> <span class='ocrx_word' id='word_1_205' title='bbox 467 3406 566 3476; x_wconf 89' lang='lat' dir='ltr'><strong>sperat</strong></span> <span class='ocrx_word' id='word_1_206' title='bbox 588 3400 750 3476; x_wconf 88' lang='lat' dir='ltr'><strong>metuitque</strong></span> <span class='ocrx_word' id='word_1_207' title='bbox 772 3397 859 3460; x_wconf 88' lang='lat' dir='ltr'><strong>simul</strong></span> <span class='ocrx_word' id='word_1_208' title='bbox 881 3399 938 3459; x_wconf 90' lang='lat' dir='ltr'><strong>iam</strong></span> <span class='ocrx_word' id='word_1_209' title='bbox 961 3398 1019 3458; x_wconf 79' lang='lat' dir='ltr'><strong>utta</strong></span> <span class='ocrx_word' id='word_1_210' title='bbox 1043 3400 1170 3460; x_wconf 83' lang='lat' dir='ltr'><strong>coniunx</strong></span> <span class='ocrx_word' id='word_1_211' title='bbox 1338 3394 1467 3476; x_wconf 71' lang='lat' dir='ltr'><strong>ico-imtr-</strong></span> 
     </span>
     <span class='ocr_line' id='line_1_31' title="bbox 395 3499 1264 3579; baseline 0.001 -20"><span class='ocrx_word' id='word_1_212' title='bbox 395 3499 576 3577; x_wconf 85' lang='lat' dir='ltr'><strong>Desponsata</strong></span> <span class='ocrx_word' id='word_1_213' title='bbox 599 3501 676 3560; x_wconf 88' lang='lat' dir='ltr'><strong>viro:</strong></span> <span class='ocrx_word' id='word_1_214' title='bbox 699 3518 767 3560; x_wconf 87' lang='lat' dir='ltr'><strong>uam</strong></span> <span class='ocrx_word' id='word_1_215' title='bbox 790 3518 878 3579; x_wconf 90' lang='lat' dir='ltr'><strong>quem</strong></span> <span class='ocrx_word' id='word_1_216' title='bbox 900 3500 992 3562; x_wconf 88' lang='lat' dir='ltr'><strong>semei</strong></span> <span class='ocrx_word' id='word_1_217' title='bbox 1014 3501 1111 3561; x_wconf 88' lang='lat' dir='ltr'><strong>bausit</strong></span> <span class='ocrx_word' id='word_1_218' title='bbox 1132 3517 1264 3561; x_wconf 81' lang='lat' dir='ltr'><strong>aurorem</strong></span> 
     </span>
    </p>

    <p class='ocr_par' dir='ltr' id='par_1_16' title="bbox 356 3600 1268 4087">
     <span class='ocr_line' id='line_1_32' title="bbox 356 3600 1142 3679; baseline -0.003 -16"><span class='ocrx_word' id='word_1_219' title='bbox 356 3623 381 3664; x_wconf 84' lang='lat' dir='ltr'><strong>n</strong></span> <span class='ocrx_word' id='word_1_220' title='bbox 397 3600 534 3663; x_wconf 87' lang='lat' dir='ltr'><strong>Cunctari</strong></span> <span class='ocrx_word' id='word_1_221' title='bbox 554 3610 645 3664; x_wconf 89' lang='lat' dir='ltr'><strong>vetat:</strong></span> <span class='ocrx_word' id='word_1_222' title='bbox 670 3601 718 3663; x_wconf 90' lang='lat' dir='ltr'><strong>illa</strong></span> <span class='ocrx_word' id='word_1_223' title='bbox 742 3619 820 3679; x_wconf 78' lang='lat' dir='ltr'><strong>agre</strong></span> <span class='ocrx_word' id='word_1_224' title='bbox 842 3620 895 3663; x_wconf 90' lang='lat' dir='ltr'><strong>sua</strong></span> <span class='ocrx_word' id='word_1_225' title='bbox 917 3603 1024 3679; x_wconf 80' lang='lat' dir='ltr'><strong>garrdiu</strong></span> <span class='ocrx_word' id='word_1_226' title='bbox 1046 3603 1142 3663; x_wconf 79' lang='lat' dir='ltr'><strong>differt</strong></span> 
     </span>
     <span class='ocr_line' id='line_1_33' title="bbox 396 3703 1268 3784; baseline 0 -21"><span class='ocrx_word' id='word_1_227' title='bbox 396 3703 571 3781; x_wconf 84' lang='lat' dir='ltr'><strong>incusatque</strong></span> <span class='ocrx_word' id='word_1_228' title='bbox 594 3722 707 3771; x_wconf 86' lang='lat' dir='ltr'><strong>meras,</strong></span> <span class='ocrx_word' id='word_1_229' title='bbox 731 3722 916 3783; x_wconf 75' lang='lat' dir='ltr'><strong>quecunque</strong></span> <span class='ocrx_word' id='word_1_230' title='bbox 939 3705 1090 3784; x_wconf 80' lang='lat' dir='ltr'><strong>bymemaa</strong></span> <span class='ocrx_word' id='word_1_231' title='bbox 1112 3711 1268 3765; x_wconf 88' lang='lat' dir='ltr'><strong>morantur</strong></span> 
     </span>
     <span class='ocr_line' id='line_1_34' title="bbox 396 3805 1203 3885; baseline 0.001 -21"><span class='ocrx_word' id='word_1_232' title='bbox 396 3805 542 3883; x_wconf 85' lang='lat' dir='ltr'><strong>Tempora</strong></span> <span class='ocrx_word' id='word_1_233' title='bbox 564 3806 651 3884; x_wconf 87' lang='lat' dir='ltr'><strong>longa</strong></span> <span class='ocrx_word' id='word_1_234' title='bbox 676 3813 773 3874; x_wconf 64' lang='lat' dir='ltr'><strong>rocam</strong></span> <span class='ocrx_word' id='word_1_235' title='bbox 796 3806 879 3867; x_wconf 91' lang='lat' dir='ltr'><strong>ardet</strong></span> <span class='ocrx_word' id='word_1_236' title='bbox 901 3825 933 3867; x_wconf 91' lang='lat' dir='ltr'><strong>se</strong></span> <span class='ocrx_word' id='word_1_237' title='bbox 956 3808 1077 3884; x_wconf 86' lang='lat' dir='ltr'><strong>iungere</strong></span> <span class='ocrx_word' id='word_1_238' title='bbox 1099 3813 1203 3885; x_wconf 87' lang='lat' dir='ltr'><strong>pacto,</strong></span> 
     </span>
     <span class='ocr_line' id='line_1_35' title="bbox 398 3906 1154 3987; baseline 0.001 -21"><span class='ocrx_word' id='word_1_239' title='bbox 398 3906 534 3985; x_wconf 87' lang='lat' dir='ltr'><strong>Optatum</strong></span> <span class='ocrx_word' id='word_1_240' title='bbox 559 3908 639 3985; x_wconf 93' lang='lat' dir='ltr'><strong>cupit</strong></span> <span class='ocrx_word' id='word_1_241' title='bbox 660 3909 705 3968; x_wconf 94' lang='lat' dir='ltr'><strong>ire</strong></span> <span class='ocrx_word' id='word_1_242' title='bbox 728 3907 805 3968; x_wconf 92' lang='lat' dir='ltr'><strong>diem</strong></span> <span class='ocrx_word' id='word_1_243' title='bbox 829 3915 1004 3986; x_wconf 82' lang='lat' dir='ltr'><strong>tractemque</strong></span> <span class='ocrx_word' id='word_1_244' title='bbox 1027 3906 1154 3987; x_wconf 87' lang='lat' dir='ltr'><strong>iugalem</strong></span> 
     </span>
     <span class='ocr_line' id='line_1_36' title="bbox 397 4009 1114 4087; baseline 0 -19"><span class='ocrx_word' id='word_1_245' title='bbox 397 4010 542 4087; x_wconf 78' lang='lat' dir='ltr'><strong>bnticipat</strong></span> <span class='ocrx_word' id='word_1_246' title='bbox 565 4010 654 4079; x_wconf 87' lang='lat' dir='ltr'><strong>votis,</strong></span> <span class='ocrx_word' id='word_1_247' title='bbox 679 4009 729 4069; x_wconf 94' lang='lat' dir='ltr'><strong>ubi</strong></span> <span class='ocrx_word' id='word_1_248' title='bbox 752 4011 865 4070; x_wconf 81' lang='lat' dir='ltr'><strong>venerit</strong></span> <span class='ocrx_word' id='word_1_249' title='bbox 886 4009 959 4069; x_wconf 87' lang='lat' dir='ltr'><strong>bera</strong></span> <span class='ocrx_word' id='word_1_250' title='bbox 982 4009 1114 4079; x_wconf 80' lang='lat' dir='ltr'><strong>intendi,</strong></span> 
     </span>
    </p>

    <p class='ocr_par' dir='ltr' id='par_1_17' title="bbox 358 4109 1085 4189">
     <span class='ocr_line' id='line_1_37' title="bbox 358 4109 1085 4189; baseline -0.003 -16"><span class='ocrx_word' id='word_1_251' title='bbox 358 4133 383 4173; x_wconf 78' lang='lat' dir='ltr'><strong>rs</strong></span> <span class='ocrx_word' id='word_1_252' title='bbox 398 4112 433 4172; x_wconf 88' lang='lat' dir='ltr'><strong>Ut</strong></span> <span class='ocrx_word' id='word_1_253' title='bbox 458 4109 569 4189; x_wconf 90' lang='lat' dir='ltr'><strong>placitis</strong></span> <span class='ocrx_word' id='word_1_254' title='bbox 591 4112 692 4172; x_wconf 88' lang='lat' dir='ltr'><strong>satiata</strong></span> <span class='ocrx_word' id='word_1_255' title='bbox 714 4111 774 4172; x_wconf 91' lang='lat' dir='ltr'><strong>suis</strong></span> <span class='ocrx_word' id='word_1_256' title='bbox 797 4112 952 4189; x_wconf 71' lang='lat' dir='ltr'><strong>praesentia</strong></span> <span class='ocrx_word' id='word_1_257' title='bbox 974 4118 1085 4188; x_wconf 88' lang='lat' dir='ltr'><strong>captet:</strong></span> 
     </span>
    </p>

    <p class='ocr_par' dir='ltr' id='par_1_18' title="bbox 398 4212 1297 4291">
     <span class='ocr_line' id='line_1_38' title="bbox 398 4212 1297 4291; baseline 0.002 -20"><span class='ocrx_word' id='word_1_258' title='bbox 398 4212 473 4273; x_wconf 84' lang='lat' dir='ltr'><strong>Tum</strong></span> <span class='ocrx_word' id='word_1_259' title='bbox 497 4230 567 4273; x_wconf 89' lang='lat' dir='ltr'><strong>veru</strong></span> <span class='ocrx_word' id='word_1_260' title='bbox 588 4213 664 4274; x_wconf 88' lang='lat' dir='ltr'><strong>ratio</strong></span> <span class='ocrx_word' id='word_1_261' title='bbox 687 4214 781 4274; x_wconf 91' lang='lat' dir='ltr'><strong>omnis</strong></span> <span class='ocrx_word' id='word_1_262' title='bbox 804 4212 904 4282; x_wconf 87' lang='lat' dir='ltr'><strong>abest,</strong></span> <span class='ocrx_word' id='word_1_263' title='bbox 929 4212 965 4273; x_wconf 87' lang='lat' dir='ltr'><strong>ita</strong></span> <span class='ocrx_word' id='word_1_264' title='bbox 990 4213 1019 4272; x_wconf 94' lang='lat' dir='ltr'><strong>in</strong></span> <span class='ocrx_word' id='word_1_265' title='bbox 1043 4213 1139 4272; x_wconf 89' lang='lat' dir='ltr'><strong>omnia</strong></span> <span class='ocrx_word' id='word_1_266' title='bbox 1163 4228 1297 4291; x_wconf 84' lang='lat' dir='ltr'><strong>praeceps</strong></span> 
     </span>
    </p>
   </div>
   <div class='ocr_carea' id='block_1_3' title="bbox 194 4476 1479 4634">
    <p class='ocr_par' dir='ltr' id='par_1_19' title="bbox 194 4476 1479 4634">
     <span class='ocr_line' id='line_1_39' title="bbox 264 4476 1468 4549; baseline -0.006 -13"><span class='ocrx_word' id='word_1_267' title='bbox 264 4486 285 4519; x_wconf 84' lang='lat'><strong>¹⁰</strong></span> <span class='ocrx_word' id='word_1_268' title='bbox 302 4485 446 4536; x_wconf 83' lang='lat' dir='ltr'><strong>mirantem</strong></span> <span class='ocrx_word' id='word_1_269' title='bbox 465 4489 489 4536; x_wconf 84' lang='lat'><strong>5.</strong></span> <span class='ocrx_word' id='word_1_270' title='bbox 562 4482 579 4514; x_wconf 89' lang='lat'><strong>¹¹</strong></span> <span class='ocrx_word' id='word_1_271' title='bbox 598 4483 681 4534; x_wconf 84' lang='lat' dir='ltr'><strong>Bulla</strong></span> <span class='ocrx_word' id='word_1_272' title='bbox 700 4483 916 4535; x_wconf 78' lang='lat' dir='ltr'><strong>confirmationis</strong></span> <span class='ocrx_word' id='word_1_273' title='bbox 935 4484 960 4534; x_wconf 93' lang='lat' dir='ltr'><strong>d.</strong></span> <span class='ocrx_word' id='word_1_274' title='bbox 977 4482 1017 4534; x_wconf 85' lang='lat'><strong>18.</strong></span> <span class='ocrx_word' id='word_1_275' title='bbox 1030 4484 1100 4549; x_wconf 80' lang='lat' dir='ltr'><strong>Aug.</strong></span> <span class='ocrx_word' id='word_1_276' title='bbox 1114 4498 1202 4548; x_wconf 84' lang='lat' dir='ltr'><strong>eaque</strong></span> <span class='ocrx_word' id='word_1_277' title='bbox 1226 4499 1281 4549; x_wconf 82' lang='lat' dir='ltr'><strong>qua</strong></span> <span class='ocrx_word' id='word_1_278' title='bbox 1298 4481 1413 4533; x_wconf 71' lang='lat' dir='ltr'><strong>biberto</strong></span> <span class='ocrx_word' id='word_1_279' title='bbox 1429 4476 1468 4547; x_wconf 78' lang='lat' dir='ltr'><strong>pei</strong></span> 
     </span>
     <span class='ocr_line' id='line_1_40' title="bbox 194 4565 1479 4634; baseline -0.003 -15"><span class='ocrx_word' id='word_1_280' title='bbox 194 4570 262 4621; x_wconf 87' lang='lat' dir='ltr'><strong>lium</strong></span> <span class='ocrx_word' id='word_1_281' title='bbox 279 4570 373 4621; x_wconf 86' lang='lat' dir='ltr'><strong>datum</strong></span> <span class='ocrx_word' id='word_1_282' title='bbox 392 4574 448 4629; x_wconf 82' lang='lat' dir='ltr'><strong>eut,</strong></span> <span class='ocrx_word' id='word_1_283' title='bbox 468 4568 512 4617; x_wconf 90' lang='lat' dir='ltr'><strong>die</strong></span> <span class='ocrx_word' id='word_1_284' title='bbox 534 4567 555 4616; x_wconf 86' lang='lat' dir='ltr'><strong>l.</strong></span> <span class='ocrx_word' id='word_1_285' title='bbox 570 4567 646 4633; x_wconf 85' lang='lat' dir='ltr'><strong>Sept.</strong></span> <span class='ocrx_word' id='word_1_286' title='bbox 660 4569 733 4618; x_wconf 79' lang='lat' dir='ltr'><strong>datoe</strong></span> <span class='ocrx_word' id='word_1_287' title='bbox 752 4575 824 4619; x_wconf 84' lang='lat' dir='ltr'><strong>sunt.</strong></span> <span class='ocrx_word' id='word_1_288' title='bbox 886 4566 906 4601; x_wconf 85' lang='lat'><strong>²¹</strong></span> <span class='ocrx_word' id='word_1_289' title='bbox 927 4569 1050 4619; x_wconf 66' lang='lat' dir='ltr'><strong>tristitia</strong></span> <span class='ocrx_word' id='word_1_290' title='bbox 1070 4571 1095 4619; x_wconf 83' lang='grc'><strong>3.</strong></span> <span class='ocrx_word' id='word_1_291' title='bbox 1104 4573 1128 4617; x_wconf 86' lang='grc'><strong>5.</strong></span> <span class='ocrx_word' id='word_1_292' title='bbox 1137 4570 1160 4617; x_wconf 79' lang='grc'><strong>6.</strong></span> <span class='ocrx_word' id='word_1_293' title='bbox 1174 4567 1253 4634; x_wconf 80' lang='lat' dir='ltr'><strong>(ubiq.</strong></span> <span class='ocrx_word' id='word_1_294' title='bbox 1267 4568 1312 4631; x_wconf 88' lang='lat' dir='ltr'><strong>iti)</strong></span> <span class='ocrx_word' id='word_1_295' title='bbox 1365 4565 1388 4600; x_wconf 59' lang='grc' dir='ltr'>ὓ</span> <span class='ocrx_word' id='word_1_296' title='bbox 1405 4565 1479 4616; x_wconf 59' lang='lat' dir='ltr'><strong>rede</strong></span> 
     </span>
    </p>
   </div>
   <div class='ocr_carea' id='block_1_4' title="bbox 195 4649 1479 4787">
    <p class='ocr_par' dir='ltr' id='par_1_20' title="bbox 195 4649 1479 4787">
     <span class='ocr_line' id='line_1_41' title="bbox 196 4649 1479 4720; baseline -0.005 -16"><span class='ocrx_word' id='word_1_297' title='bbox 196 4657 238 4719; x_wconf 81' lang='lat' dir='ltr'><strong>git</strong></span> <span class='ocrx_word' id='word_1_298' title='bbox 257 4658 280 4704; x_wconf 82' lang='lat'><strong>1.</strong></span> <span class='ocrx_word' id='word_1_299' title='bbox 343 4652 366 4687; x_wconf 73' lang='lat'><strong>²⁸</strong></span> <span class='ocrx_word' id='word_1_300' title='bbox 383 4653 438 4703; x_wconf 84' lang='lat' dir='ltr'><strong>fida</strong></span> <span class='ocrx_word' id='word_1_301' title='bbox 456 4657 481 4702; x_wconf 80' lang='lat'><strong>5.</strong></span> <span class='ocrx_word' id='word_1_302' title='bbox 545 4650 569 4684; x_wconf 79' lang='lat'><strong>⁸⁰</strong></span> <span class='ocrx_word' id='word_1_303' title='bbox 586 4653 645 4703; x_wconf 81' lang='lat' dir='ltr'><strong>Hoc</strong></span> <span class='ocrx_word' id='word_1_304' title='bbox 663 4668 760 4719; x_wconf 67' lang='lat' dir='ltr'><strong>quicque</strong></span> <span class='ocrx_word' id='word_1_305' title='bbox 778 4661 804 4703; x_wconf 88' lang='lat' dir='ltr'><strong>et</strong></span> <span class='ocrx_word' id='word_1_306' title='bbox 820 4666 929 4719; x_wconf 82' lang='lat' dir='ltr'><strong>sequeus</strong></span> <span class='ocrx_word' id='word_1_307' title='bbox 946 4656 1034 4703; x_wconf 77' lang='lat' dir='ltr'><strong>ternam</strong></span> <span class='ocrx_word' id='word_1_308' title='bbox 1051 4669 1097 4703; x_wconf 82' lang='lat' dir='ltr'><strong>om.</strong></span> <span class='ocrx_word' id='word_1_309' title='bbox 1112 4656 1140 4703; x_wconf 82' lang='grc'><strong>3.</strong></span> <span class='ocrx_word' id='word_1_310' title='bbox 1199 4649 1240 4720; x_wconf 79' lang='lat' dir='ltr'><strong>te]</strong></span> <span class='ocrx_word' id='word_1_311' title='bbox 1260 4658 1290 4703; x_wconf 83' lang='lat' dir='ltr'><strong>tn</strong></span> <span class='ocrx_word' id='word_1_312' title='bbox 1308 4657 1334 4703; x_wconf 79' lang='lat'><strong>⁵.</strong></span> <span class='ocrx_word' id='word_1_313' title='bbox 1387 4650 1409 4683; x_wconf 70' lang='lat'><strong>⁸⁸</strong></span> <span class='ocrx_word' id='word_1_314' title='bbox 1425 4663 1479 4700; x_wconf 84' lang='lat' dir='ltr'><strong>eea·</strong></span> 
     </span>
     <span class='ocr_line' id='line_1_42' title="bbox 195 4734 284 4787; baseline 0.034 -3"><span class='ocrx_word' id='word_1_315' title='bbox 195 4734 243 4785; x_wconf 89' lang='lat' dir='ltr'><strong>iux</strong></span> <span class='ocrx_word' id='word_1_316' title='bbox 260 4740 284 4787; x_wconf 76' lang='lat'><strong>6.</strong></span> 
     </span>
    </p>
   </div>
   <div class='ocr_carea' id='block_1_5' title="bbox 0 0 1650 5354">
    <p class='ocr_par' dir='ltr' id='par_1_21' title="bbox 0 0 1650 5354">
     <span class='ocr_line' id='line_1_43' title="bbox 0 0 1650 5354; baseline 0 0"><span class='ocrx_word' id='word_1_317' title='bbox 0 0 1650 5354; x_wconf 95' lang='lat' dir='ltr'><strong> </strong></span> 
     </span>
    </p>
   </div>
  </div>
 </body>
</html>
