3338 5370
192 354 264 430 128
294 386 416 426 mulli
425 388 463 424 ΑΒ
471 387 753 426 cns.mns11.uttvu
763 391 798 443 V?
809 390 920 427 BBLLVH
930 391 959 427 nt
969 390 1094 428 ”NEPOS
1104 391 1221 435 PBOflBQ·
1228 374 1479 429 sxuoml'onm.

390 544 448 605 Sed
471 563 558 623 quam
580 553 666 623 turpe
689 543 785 606 scelus
808 547 912 606 nativis
934 545 1045 624 expulit
1067 549 1143 614 oris,

353 667 378 706 es
474 647 512 707 Ut
532 645 636 725 procul
658 664 673 705 a
698 649 784 707 terris
806 647 858 708 bas
880 647 1025 709 habitaret
1045 666 1151 727 aquas,

389 747 461 808 Cum
483 747 589 826 quibus
611 747 746 810 exulibus
768 748 840 809 nihil
862 752 957 810 acrior
980 749 1077 811 addita
1099 753 1206 817 virtus.

473 848 636 928 Quodquod
659 851 690 910 in
711 852 855 913 immenso
877 851 1005 912 dedecus
1027 852 1101 914 orbe
1123 853 1184 913 luit.

390 951 487 1011 Prima
509 952 578 1011 viris
599 943 718 1013 tenuem
741 955 855 1031 piscatu
878 971 1011 1031 quaerere
1033 955 1139 1015 victum

352 1072 378 1112 er
472 1054 527 1112 Ars
549 1061 612 1113 erat
634 1060 662 1114 et
685 1071 791 1131 magno
814 1071 902 1133 parva
925 1054 1027 1116 labore
1050 1056 1148 1134 sequi:

389 1152 486 1214 Crevit
508 1172 600 1232 opus,
624 1157 715 1219 crevit
736 1155 854 1216 fortuna
876 1156 1011 1234 adigente
1032 1165 1179 1236 potestas:

474 1255 511 1315 Et
533 1257 629 1334 primo
651 1255 765 1317 lucrum
788 1259 893 1319 iustius
915 1257 986 1318 illud
1009 1266 1081 1320 erat.
1208 1333 1219 1358 ο
1302 1333 1308 1343 ⁸

388 1356 457 1416 Post
479 1355 529 1416 ubi
551 1375 583 1416 se
604 1375 709 1417 manus
730 1358 794 1418 hae
815 1358 920 1436 opibus
942 1360 1067 1421 lirmavit
1088 1359 1247 1440 ademptis,

351 1478 376 1517 oo
470 1440 612 1518 Paulatim
634 1477 755 1520 accessu
777 1467 821 1520 est
843 1461 918 1520 lacta
941 1461 1068 1539 superba
1091 1479 1184 1522 novo:

388 1559 468 1628 Huc,
491 1559 598 1637 quibus
619 1555 739 1622 innocui
760 1561 844 1623 lucro
866 1562 920 1622 luit
941 1581 991 1622 ara
1014 1565 1143 1634 cruoris,

472 1662 507 1722 Et
529 1662 635 1740 quibus
657 1663 692 1724 ad
716 1663 826 1724 caedem
848 1672 983 1743 prompta
1006 1683 1175 1745 nocensque
1198 1683 1320 1736 manus,

387 1765 553 1834 decedunt,
576 1765 728 1842 patriaque
750 1784 802 1826 sua
825 1769 935 1843 privata
956 1767 1091 1828 iuventus

336 1884 373 1927 roo
467 1847 525 1927 Αἰιῑ
545 1865 642 1945 aliquo
665 1866 765 1927 saltem
788 1864 886 1928 nubila
910 1866 985 1928 iacta
1007 1868 1110 1939 modo,

389 1968 425 2028 Et
447 1968 554 2047 quibus
576 1978 722 2029 auxerunt
743 1970 856 2029 teuueis
877 1971 1007 2047 periuria
1030 1988 1149 2039 census,

471 2070 506 2129 Et
529 2068 636 2153 quibus
657 2069 720 2129 baec
742 2072 853 2130 novitas
875 2089 1017 2149 spemque
1040 2073 1210 2151 animosque
1232 2072 1329 2142 dedit,

301 2160 306 2170 ⁶
387 2172 524 2249 Quosque
547 2170 686 2248 irequens
708 2170 843 2231 cumulus
865 2171 950 2233 alieni
973 2173 1101 2251 propulit
1122 2174 1203 2242 aris,
1257 2190 1261 2196 ·

338 2291 374 2333 ror
468 2272 506 2332 Et
528 2272 619 2348 siquis
641 2273 749 2350 patrias
771 2272 958 2351 dilapidasset
979 2293 1065 2353 opes,
1162 2332 1167 2343 ,

388 2373 424 2433 m
446 2373 551 2452 cupide
575 2375 696 2452 repetita
719 2373 825 2453 quibus
847 2374 901 2435 luit
923 2375 984 2436 alea
1008 2377 1115 2436 damno
1141 2435 1144 2442 ,

470 2475 652 2554 Consciaque
673 2477 704 2535 in
727 2477 848 2554 quodvis
870 2495 953 2538 mens
975 2477 1031 2538 sibi
1053 2478 1129 2539 iacta
1151 2479 1251 2539 oeias:

387 2577 422 2638 lli
444 2578 536 2637 iuncti
557 2578 676 2638 Venetis
698 2577 749 2638 ubi
770 2579 965 2657 piscatoribus
987 2587 1100 2649 essent,

334 2699 373 2740 roe
468 2678 596 2741 Erexere
617 2698 708 2741 novos
729 2699 811 2741 arma
834 2682 944 2760 virique
965 2681 1070 2744 duces:

385 2870 473 2926 Crevit
494 2888 577 2945 opus,
599 2870 683 2927 crevit
705 2870 815 2926 fortuna
837 2871 961 2943 adigente
983 2879 1118 2945 potestas.
1426 2890 1466 2942 (tat

468 2955 500 3011 Et
522 2955 610 3029 primo
632 2954 736 3010 lucrum
759 2955 856 3010 iustius
879 2954 945 3011 illud
968 2965 1034 3011 crat.

383 3041 463 3103 Post,
485 3040 532 3096 ubi
554 3057 584 3096 se
606 3057 701 3095 manus
723 3040 781 3095 haec
804 3039 901 3113 opibus
923 3040 1039 3096 lirmarit
1059 3041 1205 3116 ademptis.

344 3141 369 3182 ac
464 3124 594 3181 Paulatim
618 3141 726 3181 accessu
749 3134 792 3180 cst
813 3125 882 3181 lacta
904 3125 1020 3199 superba
1043 3142 1127 3183 novo:
1424 3146 1465 3196 (os)

382 3210 451 3273 lluc,
475 3210 573 3284 quibus
595 3210 703 3265 innocui
726 3209 803 3264 lucro
826 3210 878 3265 luit
899 3226 945 3266 ara
967 3211 1089 3273 cruoris,

466 3294 499 3350 Et
521 3293 620 3368 quibus
642 3294 795 3351 adsedem
816 3304 942 3369 prompta
965 3312 1120 3370 nocensque
1141 3313 1252 3359 manus,
1423 3312 1464 3363 pn

380 3380 412 3436 Et
433 3397 550 3452 quorum
571 3386 653 3434 sacto
674 3380 721 3435 diu
740 3395 795 3435 suo
812 3394 867 3450 per
885 3380 1005 3453 periuria
1026 3395 1073 3436 res
1095 3387 1148 3446 est,
1410 3397 1463 3447 (uoq
1516 3449 1517 3452 Ἴ

344 3481 369 3521 so
463 3464 495 3520 Et
518 3464 616 3538 quibus
638 3463 696 3520 baec
717 3465 822 3520 novitas
844 3480 974 3539 spemque
995 3465 1166 3539 animumque
1188 3466 1275 3528 dedit.
1410 3481 1463 3530 (roz)

380 3550 532 3611 Accedunt,
556 3549 697 3622 patriaque
719 3566 767 3604 sua
790 3549 893 3622 privata
917 3546 1040 3605 iuventus
1424 3562 1463 3615 {ss}

463 3637 518 3689 lert
539 3632 630 3706 aliquo
653 3631 747 3689 saltem
770 3631 861 3689 nubila
882 3634 950 3691 lacta
974 3635 1068 3696 modo.
1411 3645 1463 3698 troo}

379 3718 508 3792 Quosque
531 3719 658 3792 frequens
680 3716 804 3775 cumulus
826 3717 907 3774 alicui
926 3714 1072 3790 pressero!
1093 3720 1172 3782 seris,
1409 3736 1463 3786 (rm)

341 3821 366 3860 tt
463 3804 572 3878 Resque
589 3805 648 3875 fuit
664 3805 734 3858 luxu
754 3805 905 3874 dilapidato
926 3806 1014 3869 tuoto,
1408 3819 1461 3868 (rost

380 3889 453 3957 Oreos
472 3889 540 3960 fecit
557 3895 649 3944 tenues
671 3890 792 3961 informo
814 3897 918 3943 tessera
936 3892 1010 3944 iacto
1407 3902 1462 3951 (ror

462 3974 628 4048 llouseiaque
651 3974 679 4028 in
699 3974 815 4046 quodvis
837 3989 913 4028 mens
935 3973 986 4030 sibi
1009 3974 1079 4029 laeta
1102 3973 1194 4029 neias:
1405 3987 1459 4035 (tos)

377 4059 409 4114 lli
433 4060 515 4114 iuncti
539 4059 647 4114 Venetis
670 4058 716 4114 ubi
739 4057 920 4132 piscatoribus
942 4068 1035 4114 essent
1407 4070 1462 4121 erm)

338 4159 364 4200 rs
460 4144 551 4216 (Vera
572 4160 643 4199 cono
661 4151 765 4199 veteres
784 4150 848 4198 noto
862 4159 918 4215 per
939 4143 1097 4220 intumos),

176 4264 357 4271 Ψ...-

241 4312 263 4345 ⁸³
280 4309 381 4377 scelus]
408 4309 546 4362 Gotthicoe
564 4309 755 4373 Hunnicaeque
778 4309 949 4372 inruptiones
966 4309 1172 4373 Aquileienses,
1197 4310 1369 4373 Perusinos,
1394 4311 1462 4362 slios

175 4398 430 4447 circumiacentium
447 4394 608 4461 oppidorum
620 4393 727 4444 incolas
744 4400 776 4442 ut
794 4394 823 4442 iu
842 4392 1020 4458 ‘lugariorum'
1039 4393 1135 4443 insulis
1148 4393 1244 4443 domus
1256 4395 1314 4445 sibi
1328 4398 1461 4452 lacerent,

175 4481 362 4546 conpuleruut.
414 4479 437 4513 ⁸⁰
455 4479 553 4530 exsilio
569 4479 667 4544 puniti.
716 4477 748 4511 ¹⁰⁰
764 4477 861 4528 unbils
879 4475 966 4542 iscts]
986 4477 1151 4538 calamitosi,
1169 4480 1275 4528 tristes.
1307 4480 1461 4530 Itssereno

174 4566 276 4615 Nubila
293 4569 399 4630 opponit
413 4565 493 4616 ovid.
505 4565 588 4614 Trist.
603 4565 624 4614 Ι.
637 4564 700 4625 l‚3n.
715 4579 755 4628 sq.
766 4565 801 4627 ef.
814 4567 937 4627 curiporum
953 4565 1102 4612 sententiam
1121 4562 1186 4611 ibid.
1200 4563 1225 4622 9,
1233 4573 1256 4613 o.
1269 4566 1391 4625 „Donec
1409 4567 1461 4616 eris

174 4650 254 4700 felix.
273 4650 374 4699 multos
390 4649 548 4700 numerabis
566 4650 684 4709 smieos3
702 4649 839 4713 Tempore
857 4649 880 4697 si
900 4648 1003 4698 luerint
1020 4646 1127 4709 nubila,
1147 4646 1221 4697 solus
1240 4651 1324 4701 eris”.

240 4731 263 4765 ⁴⁵
281 4735 359 4783 ioeclt
377 4739 400 4784 1.
980 4763 1008 4799 s

18 4808 156 5052 ἱ
