3270 5354
279 331 352 402 242
474 359 596 397 usuum
609 359 646 393 Au
658 357 793 393 CRBABH
805 356 1019 393 ΙΗΣΙΠΛΔΠΙ
1031 355 1254 391 ΕΡΙΕΒΔΙΙΔΠΙ
1267 354 1363 390 1513311.

479 514 549 576 llam
571 513 685 575 cervice
706 520 823 574 tumens
845 521 874 573 et
895 510 1122 573 versicoloribus
1144 509 1212 581 alis,

508 666 511 673 .
565 614 636 686 Qum
659 615 747 677 crista
769 616 927 694 imperium
950 614 1075 693 despicit
1096 632 1183 675 orune
1205 612 1312 681 rubra,

481 718 553 788 Quae
574 717 725 778 mediocre
746 715 835 785 nibil,
859 715 931 776 nihil
953 730 982 776 et
1003 713 1185 776 moderabile
1207 732 1308 775 seeum

458 844 469 881 a
570 818 662 880 Voluit
684 826 714 879 et
735 820 895 879 immensas
917 819 1045 895 concipit
1066 816 1128 878 ales
1149 835 1237 895 opes,

480 919 601 982 Aemula
624 921 733 997 reginae
755 920 924 990 volucrum,
946 921 1033 980 nimis
1055 918 1111 979 alta
1134 916 1280 987 volutans,

566 1022 636 1092 tluae
657 1021 764 1083 eoelum
788 1022 893 1101 pennis
915 1023 1018 1082 nititur
1040 1023 1085 1082 ire
1107 1038 1213 1101 snpra,

437 1144 443 1153 ·
481 1126 511 1185 Si
534 1126 691 1203 quicquam
715 1124 790 1185 leret
810 1123 857 1184 lris
879 1122 948 1183 olirn
970 1123 1156 1185 successibus
1178 1123 1288 1201 impar.

456 1250 468 1287 e
568 1225 649 1297 Quos
670 1227 747 1288 risus
768 1223 854 1285 nobis
876 1223 957 1304 lapsa
980 1225 1109 1286 merebit
1130 1226 1209 1285 arisi

418 1411 467 1471 93.
714 1414 764 1463 ΒΕ
784 1411 905 1463 GALLO
925 1413 971 1462 ΕΤ
989 1412 1136 1474 nquius.

481 1532 582 1612 Nuper
604 1532 742 1612 sydereae
764 1529 864 1593 Gallus
885 1532 1109 1593 transcenderat
1130 1530 1231 1610 Alpes,

565 1633 684 1694 Terruit
704 1632 820 1695 ltalicos
841 1632 938 1694 bellna
962 1641 1042 1695 torro
1066 1634 1171 1701 eluces,

481 1737 518 1798 st
538 1732 702 1823 Mediolano
724 1744 879 1815 postquam
902 1737 1033 1797 consedit
1056 1738 1084 1797 in
1108 1737 1223 1814 ungue,

457 1858 469 1897 (
568 1836 709 1897 conflavit
730 1855 852 1915 magnos
875 1840 962 1899 crista
984 1836 1112 1917 superba
1134 1846 1237 1898 rnetus.

482 1940 567 2003 Nunc
590 1941 675 2000 etiem
699 1939 800 2000 Veneti
823 1940 961 2021 depastus
982 1939 1116 2000 membre
1140 1940 1245 2000 Leonis

567 2041 729 2120 Omniaque
750 2042 908 2103 lldriacunr
931 2048 1034 2103 nactus
1057 2043 1189 2120 adusque
1210 2042 1334 2109 lrelurn,

355 2136 358 2141 ’
404 2160 407 2165 ·
483 2145 630 2207 Successu
652 2144 774 2205 nimium
796 2145 921 2205 lortunae
944 2142 1039 2205 elatus
1059 2145 1178 2223 opime,

456 2266 470 2307 e
568 2247 789 2327 aggressusque
811 2247 871 2308 suis
893 2245 1004 2307 viribus
1023 2247 1120 2325 impar
1141 2264 1233 2316 onus,
1267 2248 1270 2253 '

482 2349 578 2411 Ausus
599 2346 651 2409 ubi
673 2354 717 2409 est
738 2346 849 2428 Aquila·
870 2366 926 2410 nec
948 2349 1051 2427 opinus
1073 2356 1192 2409 nectere
1214 2347 1331 2409 lrandes

568 2450 743 2530 Etpastum
766 2452 853 2512 socire
874 2450 1015 2529 rumpere
1036 2449 1131 2511 loedus
1154 2452 1213 2522 evi,

483 2552 598 2615 Rursus
619 2553 655 2613 ad
677 2551 818 2613 lnsubres
838 2551 937 2614 lacero
959 2552 1035 2613 redit
1056 2553 1173 2631 agmine
1195 2557 1317 2617 montes.

446 2675 470 2716 ra
569 2653 581 2715 l
604 2672 698 2723 nunc,
721 2660 809 2734 atque
832 2652 907 2715 ultra
930 2672 1017 2733 quam
1039 2654 1126 2715 decet
1146 2672 1210 2718 esse
1232 2655 1318 2734 para!

453 2836 501 2897 94.
539 2842 587 2893 ΑΙ)
606 2840 883 2893 MAXIMILIANVM
899 2840 1083 2893 snonulnu
1101 2840 1358 2925 Rusrlrvuvut

425 2949 428 2953 ¹
484 2960 593 3023 Slortia
615 2961 787 3040 progenies,
811 2963 875 3021 istis
897 2961 1066 3041 dignissime
1089 2959 1194 3032 rebus,
1257 2946 1260 2951 ’

567 3064 639 3136 Qun
658 3061 712 3125 libi
733 3081 765 3125 se
787 3062 869 3143 lapso
892 3064 1047 3125 restituere
1068 3071 1166 3143 patre,
1209 3106 1214 3115 ·

282 3274 342 3338 ipse
361 3269 459 3323 (lellus
476 3268 512 3320 ub
530 3266 630 3333 Aquilo
652 3266 807 3332 discerptus
828 3268 948 3318 moriens
968 3266 1085 3333 pendet3
1110 3267 1306 3341 Germanorum
1323 3265 1569 3333 Helvetiornmqoe

282 3355 475 3420 (Berncusinm
490 3352 703 3417 Uriensiumqne
721 3351 825 3404 vexilla
848 3368 865 3403 n
886 3352 1117 3418 prosequentibus
1133 3352 1285 3405 victoribus
1303 3350 1360 3403 elte
1378 3352 1493 3405 5551515
1509 3368 1569 3419 pro·

282 3439 417 3504 feruntur)
434 3439 555 3496 uictoris
574 3444 617 3489 cst
631 3428 812 3489 Novaniensis
829 3442 896 3503 puto
915 3438 941 3488 (1.
953 3436 979 3488 o.
993 3438 1052 3488 lnn.
1065 3432 1090 3487 5.
1106 3434 1181 3489 1513.

348 3522 391 3577 uu.
421 3524 573 3594 Postquam
590 3520 894 3573 tinnunculum.
917 3521 1010 3573 blesis
1027 3524 1100 3573 iuter
1118 3521 1214 3574 Gallos
1229 3521 1406 3591 Venetosque
1424 3523 1460 3573 de
1479 3528 1570 3573 mutuo

283 3610 387 3662 unxilio
410 3608 525 3661 terendo
543 3612 726 3671 convenerat,
750 3614 846 3659 contra
866 3605 1176 3674 1151151515.15.Λρτ.)
1195 3622 1257 3658 sese
1276 3611 1473 3661 consociemus
1490 3606 1570 3658 Arra-

282 3708 428 3762 gonenses‚
447 3693 551 3757 Gaeser,
568 3692 683 3760 Anglns,
701 3692 759 3743 Leo
776 3692 809 3743 Χ.
822 3692 854 3746 Ρ.
866 3692 902 3742 Μ.
915 3708 1002 3759 nuper
1019 3692 1120 3743 155155.
1156 3690 1320 3743 Tromollins
1337 3707 1371 3742 ex
1388 3693 1571 3744 Pedomonta·

283 3783 326 3832 nis
348 3782 379 3831 in
399 3778 624 3831 Mediolanenses
645 3778 776 3829 eiritetes
799 3777 986 3843 progreditur,
1015 3778 1104 3829 Ianus
1126 3776 1156 3827 in
1178 3776 1320 3829 Gallorum
1344 3781 1439 3843 partes
1462 3779 1569 3839 transit,

284 3866 357 3933 spnd
373 3865 524 3917 Novariam
542 3861 701 3928 (d.d.1nn.)
721 3862 796 3914 Gelli
815 3878 849 3913 ec
861 3862 962 3913 Veneti
979 3863 1136 3925 vincuntur,
1155 3861 1284 3914 Cerdone
1294 3860 1477 3929 Neapolitani
1495 3880 1569 3915 exer-

283 3952 355 4003 citus
373 3950 428 4001 dux
444 3948 563 4002 Venetis
580 3953 680 4015 prsetcr
691 3948 838 3998 Petusium
849 3946 1062 4012 Tarvisiumqne
1079 3962 1165 4013 nsque
1184 3947 1219 3998 sd
1235 3948 1351 3999 Hadriae
1367 3963 1447 3999 orem
1464 3963 1570 4015 posses-

282 4037 375 4088 siones
392 4039 538 4086 terrestres
561 4033 704 4100 depraedst
726 4032 889 4097 adimitque,
913 4033 1115 4098 Alricnnmqne
1132 4032 1239 4084 Veneto
1262 4031 1398 4084 exercitui
1420 4048 1510 4099 nuper
1531 4049 1571 4081 re·

283 4123 408 4173 stitutum
432 4119 504 4186 opud
530 4119 668 4170 Vicetiem
690 4117 765 4182 ((1.7.
780 4117 854 4182 Oct)
872 4117 1004 4169 devincit.
1039 4118 1134 4183 Neque
1154 4117 1265 4169 (1511155
1287 4117 1420 4184 prsesidin
1436 4117 1570 4169 Mediolo-

283 4207 381 4258 nensie
399 4204 651 4270 Cremonensinque
669 4203 808 4268 optinent,
828 4209 987 4254 conmeatus
1004 4204 1121 4271 penurie
1138 4203 1215 4255 ubire
1234 4208 1334 4254 555515
1352 4208 1471 4254 exeunte
1491 4219 1570 4257 suno.

283 4292 398 4341 interim
421 4292 449 4340 in
472 4290 588 4341 Morinis
611 4288 825 4354 Burgundisque
851 4288 992 4339 Gallorum
1015 4303 1059 4339 res
1081 4288 1111 4338 in
1133 4288 1250 4355 ancipiti
1271 4292 1349 4340 51515
1370 4290 1498 4352 inerunt,
1527 4289 1572 4339 ubi

284 4382 381 4426 contre
400 4378 488 4441 ipsum
507 4376 646 4426 Caesarem
665 4389 758 4425 eornm
776 4373 909 4424 exercitui
929 4375 1066 4440 egendum
1084 4379 1154 4425 erut.
1208 4371 1215 4405 ¹
1235 4374 1358 4425 sidereos
1377 4378 1403 4425 4.
1460 4371 1571 4440 ³Ang.]

284 4461 455 4511 Siortioruur.
476 4459 512 4512 ol.
526 4475 584 4525 seq.
599 4460 686 4524 epigr.
701 4464 729 4510 51
753 4459 788 4510 ed
810 4459 838 4508 id
856 4460 916 4510 citt.
929 4459 958 4509 ll.
1028 4458 1185 4509 ’Blesensi
1208 4474 1268 4509 cum
1287 4460 1402 4510 Venetis
1421 4460 1526 4511 fredere-
1545 4460 1568 4508 d.

284 4543 588 4597 munumentum.
654 4543 675 4576 ¹⁰
693 4540 795 4612 soedns]
813 4544 1027 4595 cameracense.
1093 4542 1112 4575 ¹¹
1130 4541 1270 4609 Insubres]
1290 4545 1319 4594 in
1342 4559 1422 4596 orces
1440 4544 1570 4595 Mediolo-

284 4644 396 4679 nonsem
416 4636 444 4681 et
461 4630 682 4680 Cremonensem.

350 4712 392 4764 94.
423 4714 491 4764 Cum
505 4714 579 4766 Galli
597 4721 695 4767 aestete
713 4732 739 4768 n.
756 4714 827 4771 1512.
841 4732 875 4769 ex
887 4716 972 4770 Italis
989 4714 1098 4785 expulsi
1116 4721 1217 4783 essent,
1235 4714 1322 4767 lulius
1334 4715 1366 4767 Ρ.
1379 4716 1417 4767 Μ.
1431 4715 1569 4768 blnnlnnm
