3270 5354
163 319 237 391 296
599 343 721 381 ΗΨΠῈΝΙ
735 340 842 377 MARCVS
856 341 1007 375 ssidBOlcht.

364 502 556 581 iruprorisum
579 498 644 559 orbi
666 505 828 558 monstrum
852 494 936 566 illud,
960 484 1074 566 decede
1095 483 1219 574 ὅραμα,

364 605 426 666 Neo
448 602 525 662 soliti
548 601 681 680 generis,
705 597 749 660 vel
772 597 887 678 qualem
910 616 988 677 saepe
1011 597 1142 658 videmus
1248 600 1254 612 ‘

339 700 551 784 sExcchoac
566 691 650 763 κατὰ
664 698 737 782 γῆν,
754 694 809 762 καὶ
828 688 876 780 ἐφ’
892 688 992 760 ὕδασι
1008 696 1101 779 σῶμα
1118 689 1277 770 καλύψαι.

366 807 484 869 Vnstum
507 822 616 882 corpus
638 812 715 874 erat,
739 803 930 883 quaedamque
952 804 981 862 in
1004 819 1130 879 corpore
1152 803 1245 871 uires,

368 910 404 970 Et
426 927 485 969 nou
508 906 721 968 contemnenda
744 907 832 966 animi
854 905 910 974 ris,
932 905 1031 965 iudma
1053 910 1203 972 temnens,

366 1011 430 1071 Alta
452 1015 570 1088 potens,
593 1006 738 1086 longeque
760 1026 813 1067 sua
834 1026 866 1068 se
889 1026 904 1066 a
927 1013 1008 1066 sorte
1029 1004 1177 1076 urorebat,

367 1112 558 1191 Audebatque
582 1109 704 1189 loquens
727 1107 870 1186 iugentia,
894 1095 1002 1167 πολλὰ
1023 1095 1054 1167 d'
1079 1100 1176 1186 ἐβόα,

333 1238 355 1277 ro
370 1213 543 1291 Vicinosque
565 1211 600 1272 ad
624 1231 655 1272 se
677 1210 802 1289 populos
825 1226 969 1288 regesque
991 1209 1113 1270 vocabat

329 1394 336 1406 .
368 1315 472 1392 Magna
493 1314 627 1374 locutura
652 1320 681 1374 et
702 1330 790 1389 grave
812 1311 849 1372 de
871 1310 1076 1391 communibus
1099 1312 1171 1372 actis

369 1415 544 1479 Consuitnre
568 1416 651 1483 viris;
674 1414 755 1475 Rana
779 1433 812 1473 os
834 1413 1032 1493 humerosque
1054 1413 1218 1493 pedesque,

369 1519 474 1581 Omnia
496 1517 591 1587 tiana,
614 1516 665 1578 scd
687 1515 819 1593 Euganei
840 1516 941 1592 regina
964 1514 1104 1593 protuudi
1393 1595 1396 1603 .

370 1621 440 1693 Quae
461 1619 577 1683 titutum
599 1618 752 1699 adseruit,
766 1619 824 1679 iam
845 1636 905 1678 aron
928 1624 1064 1678 contenta
1086 1594 1232 1696 paludes-
1324 1696 1327 1701 Ι

334 1747 358 1789 u
372 1723 409 1786 Et
431 1722 524 1785 luteas
546 1720 678 1783 habitare
701 1738 783 1782 casas
805 1738 980 1799 conumque
1002 1718 1151 1788 relictum,

370 1827 477 1904 Aptum
499 1824 641 1893 inumeris,
664 1830 764 1901 aptum
787 1823 891 1883 cervici
912 1823 1039 1885 immam
1061 1821 1167 1883 Leonis

370 1927 510 1990 Induerat
530 1934 631 2003 tergus
652 1923 793 2004 uillosque
816 1932 930 2004 aptarat
952 1931 981 1985 et
1002 1940 1132 2002 ungues:

370 2030 454 2092 Tunc
475 2027 600 2090 Venetos
621 2028 698 2089 iuter
719 2025 860 2107 populos,
882 2025 1021 2088 Athesiua
1044 2025 1154 2087 fluenta
1230 2092 1240 2113 ς

372 2131 517 2211 Altiuique
538 2146 622 2191 arces
642 2130 723 2190 iuste
746 2136 832 2210 atque
853 2130 1010 2191 Antenoris
1031 2127 1136 2189 urbem

333 2256 359 2298 ao
373 2234 469 2303 Sedit,
493 2240 520 2293 et
543 2231 645 2293 induta
669 2229 758 2291 votuit
779 2230 838 2293 Len
860 2230 940 2312 polle
963 2230 1068 2301 videri,
1148 2232 1183 2295 '.

372 2338 405 2398 ln
421 2336 578 2415 medioqqe
594 2335 697 2402 virum,
713 2350 881 2413 quanquam
897 2331 944 2405 εἰς
958 2326 1063 2413 φύσιν
1078 2319 1182 2418 οὐδὲν
1195 2318 1316 2412 ὁμοῖον

368 2426 576 2517 Ἀνθρώποις
596 2453 631 2495 τε
651 2437 745 2507 θεοῖς
766 2453 802 2496 τε
825 2429 880 2496 καὶ
898 2424 1069 2515 οὐρανίοις
1090 2441 1263 2516 πετεηνοῖς

373 2541 431 2602 Aut
452 2538 494 2600 illi
517 2538 594 2598 toret
614 2544 665 2598 aut
686 2557 717 2599 se
739 2537 922 2600 dissimulare
945 2537 1014 2618 quid
1037 2546 1115 2600 esset

375 2645 440 2723 lpse
460 2645 531 2705 satis
552 2647 665 2720 posset,
689 2647 787 2701 tamen
809 2640 872 2701 hero
894 2657 1032 2720 aggressa
1054 2638 1202 2721 loquendo
1224 2646 1283 2707 est,

336 2766 361 2806 es
376 2738 442 2807 Καὶ
457 2751 551 2806 τοῖον
565 2733 652 2822 ccicc
667 2737 795 2823 μῦθον,
811 2731 877 2804 ἀπὸ
893 2733 1054 2824 στόματος
1069 2730 1099 2803 d'
1116 2730 1298 2821 ἀγόρευεν·

375 2847 463 2917 ¹des,
485 2844 562 2915 Itali,
585 2851 703 2916 vestre,
727 2852 821 2907 vestra
844 2852 874 2906 et
894 2846 1011 2907 fortuna
1034 2846 1143 2922 coegit,

376 2949 465 3010 ‘Cum
487 2966 604 3028 possem
626 2947 766 3009 Adriacas
788 2947 935 3008 moderari
959 2947 1048 3008 tutius
1070 2946 1178 3017 nudas,

376 3050 502 3129 ‘Reguis
524 3069 577 3111 usa
599 3050 686 3119 meis,
699 3051 840 3111 ’animum
861 3031 899 3110 ad
922 3052 1031 3111 maiora
1056 3050 1183 3110 reterre:

378 3153 527 3232 ‘Namque
549 3159 582 3213 ut
602 3150 749 3213 bellorum
771 3154 942 3213 transmisse
965 3170 1000 3213 cx
1022 3151 1095 3232 Alpe
1117 3149 1265 3231 procedes

337 3276 363 3318 so
378 3253 525 3317 ‘Teutone
547 3260 627 3314 terra
650 3254 699 3315 diu
722 3253 805 3316 ferali
827 3255 963 3316 effuderit
983 3255 1042 3325 ira,

377 3357 425 3418 ‘lu
448 3375 499 3419 vos
521 3373 602 3419 arma
626 3374 746 3418 movens
768 3364 884 3419 nostras
906 3358 1029 3419 accessit
1049 3355 1086 3418 ad
1108 3373 1211 3424 aurern

377 3461 487 3539 ‘thue
510 3466 573 3520 erat
593 3458 711 3537 iugenio
734 3467 763 3520 et
783 3459 873 3521 rebus
895 3459 1102 3521 communibus
1123 3475 1256 3539 aequum,

377 3560 506 3622 ‘ludolui
529 3560 605 3621 facto
628 3579 751 3641 remque
772 3560 920 3639 indignata
942 3554 1043 3641 peregi

377 3663 508 3725 ‘Mecum
529 3681 623 3743 aegras
644 3670 746 3726 noctes
767 3665 935 3745 gemituque
957 3664 1086 3745 urgebar
1108 3662 1231 3735 anhelem

177 3801 378 3815 ‘ff

243 3935 254 3969 ³
272 3935 313 3988 32.
327 3934 354 3987 d.
366 3925 419 4002 δᾳ]
432 3935 595 3987 horrendum
607 3938 803 4004 spectaculum.
824 3939 860 3990 ci.
873 3939 955 4003 Verg.
968 3938 1035 3989 Aen.
1049 3938 1071 3989 1.
1083 3935 1143 3989 379.
1161 3935 1355 4002 „Inprovianm
1373 3936 1457 4002 septis

176 4022 264 4075 veluti
276 4022 322 4088 qui
335 4021 459 4072 sentibus
472 4037 589 4087 anguem
600 4022 736 4074 Pressit’'.
788 4023 799 4056 ⁵
816 4022 858 4074 60.
872 4024 1018 4075 Exsultere
1036 4039 1086 4090 per
1103 4017 1205 4074 teri-sm
1223 4026 1253 4073 et
1269 4021 1299 4072 in
1311 4022 1391 4087 equis
1403 4037 1457 4083 ccr-

177 4123 227 4176 pue
246 4106 375 4158 condere.
427 4105 625 4181 Zucchoaqd.
682 4109 747 4160 ici.
762 4110 843 4176 Vcrg.
856 4111 924 4160 Aen.
937 4109 969 4160 V.
982 4107 1042 4160 396.
1055 4108 1164 4172 „effetos
1181 4109 1211 4159 in
1229 4122 1344 4173 corpore
1361 4106 1458 4156 vires''.

177 4194 187 4226 ⁹
205 4192 247 4244 76.
260 4209 289 4244 π.
304 4185 334 4244 d'
352 4183 405 4259 ἐμ]
427 4191 593 4258 multumque
613 4193 761 4246 clamabat
809 4187 887 4262 ἐβόα]
907 4187 1047 4263 ipsismet,
1069 4201 1103 4245 W.
1117 4192 1146 4261 [i.
1160 4210 1184 4245 e.
1196 4191 1290 4244 Woliii
1309 4192 1352 4242 ed.
1365 4192 1458 4242 Betre-

178 4275 275 4344 chona.]
294 4269 412 4344 ἒβῶσεν·
429 4280 458 4327 Β.
506 4275 527 4309 ¹²
544 4276 581 4328 Ut
600 4294 643 4345 ap.
656 4279 739 4346 Verg.
752 4281 819 4330 Aen.
833 4281 854 4330 I.
868 4279 926 4330 589.
945 4282 1054 4332 Aeneas
1073 4295 1122 4343 „os
1139 4292 1301 4343 umerosque
1319 4277 1372 4328 deo
1389 4277 1458 4328 simi·

178 4365 238 4414 lis''.
308 4361 329 4395 ¹³
346 4359 484 4428 Euganei]
503 4363 646 4424 Adriatici,
666 4364 772 4414 Veneti.
837 4363 857 4397 ¹³
876 4364 974 4433 c.rel.]
995 4383 1012 4417 n
1030 4364 1249 4430 mari31sgunes
1265 4377 1339 4414 nnnc
1357 4362 1458 4412 dicunt.

179 4448 199 4481 ¹⁹
216 4447 279 4498 Ant.
292 4443 363 4513 urb.]
383 4448 537 4499 Patauium.
557 4449 592 4499 cf.
606 4451 648 4500 Do
666 4451 733 4515 pise.
749 4451 875 4500 Venetos.
889 4467 914 4501 r.
927 4451 970 4502 29.
1039 4450 1062 4483 ²⁰
1078 4449 1167 4502 volvit
1185 4453 1209 4500 d.
1279 4447 1300 4481 ²¹
1318 4447 1360 4500 32.
1374 4446 1459 4513 qnocd

179 4538 304 4583 araturam
323 4532 430 4583 omuino
447 4549 501 4583 uon
519 4534 618 4587 simile.
654 4528 682 4598 ἐς
701 4554 731 4602 φ,
749 4542 783 4608 W?
795 4539 823 4584 n.
893 4536 915 4569 ²2
932 4536 1204 4600 ‘acuminibusque
1227 4534 1341 4600 deisque
1362 4538 1392 4583 et
1410 4548 1459 4583 cn·

179 4617 296 4668 testibus
313 4616 478 4668 volatilibus.
529 4619 551 4651 ²³
570 4619 623 4687 illi]
643 4623 738 4674 Leoni.
807 4621 830 4654 ²⁵
848 4623 888 4671 Π.
902 4623 939 4672 Et
957 4622 1039 4673 telem
1057 4622 1127 4672 dixit
1144 4635 1297 4671 sermonem
1315 4626 1345 4670 et
1363 4618 1398 4670 sb
1416 4633 1460 4670 ore

179 4702 334 4753 loeutaeet.
371 4691 399 4752 δ’
419 4697 585 4773 ἀγόρευσεν·
604 4716 638 4760 W.
652 4703 678 4759 τ’
697 4700 904 4776 detectae-u.
955 4707 977 4740 ²⁹
996 4709 1088 4772 Nan3
1106 4711 1130 4758 1.
1182 4704 1202 4740 ⁸¹
1222 4705 1256 4756 In
1272 4720 1324 4756 nos
1341 4708 1367 4757 2.
