3270 5354
350 368 473 406 ttvsrm
487 368 517 405 ltt
529 368 728 404 EXCEPTIONEH
741 368 926 404 uonrnrtnsu
939 368 1061 404 sussum
1074 368 1278 405 PANEGYRIGVS.
1385 339 1458 411 377

368 526 422 588 llic
444 525 604 586 Ariovistus
627 523 779 585 Gallorum
801 524 893 585 victor
916 525 945 583 in
969 525 1059 585 annuis
1297 523 1460 560 Ariovistus„-

1297 568 1363 602 mania
1377 576 1417 602 rex.

316 650 354 691 rao
370 628 461 688 Lucet
483 645 576 705 eques
597 628 769 706 spernitque
792 626 924 697 bostem,
949 645 1008 686 nou
1031 629 1144 704 spernit
1167 629 1294 689 amicum

367 730 549 798 llomannm;
574 746 732 808 conspersa
757 729 836 789 rides
859 729 1039 807 collectaque
1062 729 1170 808 passim

367 833 504 912 Agmina,
529 834 692 892 Gernranos
715 832 842 908 equites:
867 831 920 890 bos
944 832 1039 891 Caesar
1063 833 1091 891 in
1115 833 1228 891 omneis
1267 829 1458 911 llgffissgffpssgg,

368 936 476 996 Secum
499 935 558 1011 agit
580 939 716 999 eventus,
740 932 785 994 bis
808 953 839 993 se
863 934 1030 1001 committit,
1054 935 1083 992 in
1106 934 1173 993 unis

367 1038 456 1116 Spem
479 1036 556 1096 locat
578 1034 623 1095 bis
645 1037 787 1114 ponitque
809 1035 913 1104 fidem,
938 1043 980 1103 te,
1004 1033 1111 1103 Gallia,
1135 1036 1209 1095 vinei

317 1161 356 1204 ra
371 1139 436 1200 Non
460 1138 564 1218 pudet.
588 1143 618 1197 at
639 1136 759 1214 puduit,
783 1146 897 1198 terrent
920 1137 1067 1197 Gerrnaua
1091 1137 1248 1198 Britannos

368 1240 495 1309 Auxilia,
519 1240 666 1319 Hispanos
687 1248 804 1309 arcent,
828 1239 1028 1325 pugnantibus
1050 1239 1107 1300 illis

369 1342 528 1423 Splendida
550 1342 718 1403 Pharsalico
742 1351 824 1420 parta
849 1349 892 1403 est
916 1343 1035 1402 victoria
1059 1361 1172 1423 campo.

368 1446 422 1508 llic
445 1445 594 1522 indignato
617 1451 736 1524 pontem
761 1462 942 1523 consurgere
965 1443 1069 1505 llbeno
1358 1443 1461 1523 fssqglgss}

370 1549 472 1610 Cernis
495 1554 523 1608 et
544 1548 688 1609 Ausonias
711 1548 773 1625 ripa
797 1545 936 1607 ulteriore
959 1546 1109 1615 oolrnrtes;

319 1672 357 1712 rso
373 1650 444 1711 lude
467 1649 597 1719 bostem,
622 1668 709 1728 quern
734 1668 770 1710 ue
793 1650 920 1710 inveniat
942 1650 1040 1718 timet,
1063 1649 1159 1710 iudice
1182 1653 1287 1729 quaerit

368 1753 461 1814 Nocte
483 1752 567 1813 leros
590 1751 679 1812 ltalus
702 1769 868 1830 rrrcuosque
891 1751 1027 1827 indagine
1051 1758 1166 1813 mordes

370 1855 502 1923 Lustrat,
526 1854 586 1915 adit
608 1852 701 1933 sylvas
724 1860 811 1932 atqrre
835 1853 917 1913 obvia
941 1860 1043 1932 tesqua
1066 1853 1193 1915 lacessit.

370 1957 456 2018 Parte
480 1955 534 2017 alia
557 1955 680 2017 collecta
704 1957 781 2016 acies
804 1956 950 2016 Gcrnrana
974 1956 1029 2016 sub
1052 1955 1145 2016 bostis

370 2058 508 2119 Considet
529 2058 702 2127 adveutum,
728 2057 807 2128 ‘Orto
830 2077 908 2117 nunc
931 2060 989 2118 ruit
1012 2056 1092 2118 illel’
1117 2059 1230 2120 Suetus

318 2181 356 2222 ass
372 2160 522 2221 Exclamat
544 2178 734 2240 pugnamque
758 2163 845 2238 petit:
870 2168 901 2220 tu
924 2159 1042 2238 Belgica
1066 2169 1176 2229 castra,

370 2263 481 2333 Caesar,
506 2262 569 2323 adis
592 2263 746 2343 Celtasque
769 2263 821 2324 tibi
843 2263 1040 2324 succumbere
1061 2270 1170 2324 suetos.

369 2367 405 2426 tt
427 2372 458 2426 tu
481 2383 541 2425 nou
564 2366 667 2426 iisdem
691 2366 770 2435 latis,
796 2384 853 2425 uon
877 2367 997 2426 nundne
1020 2365 1142 2435 eodem,
1336 2364 1460 2441 pqurntnm

1372 2417 1421 2442 drus.

168 2605 265 2656 Caecili
283 2603 390 2655 Metelli
407 2604 556 2670 Papirique
576 2603 711 2653 Carbonis
730 2604 851 2667 (alili.)
870 2620 955 2668 nsque
975 2605 1010 2653 ad
1029 2620 1148 2669 pugnarn
1168 2605 1195 2654 in
1215 2606 1320 2669 campis
1341 2606 1461 2655 Raudiis.

167 2691 192 2741 d.
206 2689 249 2742 30.
262 2690 313 2741 Iul.
328 2705 399 2740 coss.
412 2691 503 2740 blario
521 2690 553 2739 V.
566 2687 603 2738 Μ’
617 2689 729 2753 Aquilio
748 2689 786 2753 (a.
800 2688 870 2751 653.)
890 2696 1050 2755 pugnatam.

233 2774 268 2807 ’θ’
285 2776 451 2826 Ariovistum
471 2774 666 2825 Germanorum
685 2791 779 2840 regem
800 2776 841 2824 ita
860 2776 961 2839 passim
981 2779 1109 2838 agentem
1128 2790 1161 2823 ae
1184 2774 1340 2839 loquentem
1360 2775 1462 2824 deseri·

166 2860 209 2911 bit
228 2860 294 2911 Cres.
308 2860 340 2911 B.
355 2860 387 2910 G.
400 2861 423 2910 1.
436 2859 564 2924 3l.sqq.,
589 2864 620 2908 ut
643 2859 725 2909 velim
749 2859 832 2908 nolim
853 2860 1020 2908 Franciscus
1039 2859 1231 2923 Siekingensis
1253 2860 1281 2908 in
1306 2861 1461 2909 memoriam

167 2952 322 2997 revocetur.
375 2943 409 2978 ⁷⁴¹
426 2944 544 3008 „Caesar
596 2945 720 3010 pralium
735 2950 862 3009 equestre
877 2945 1035 3004 committit3
1054 2943 1245 2993 laborantibus
1258 2945 1312 2993 iam
1326 2947 1382 2993 suis
1397 2946 1462 2994 (ler-

167 3046 264 3081 manos
292 3031 400 3095 equites
423 3031 536 3080 circiter
554 3029 602 3079 Ol)
622 3031 775 3092 submittit,
800 3046 867 3094 qnos
891 3029 926 3077 ab
951 3029 1030 3077 initio
1054 3044 1146 3078 secum
1170 3028 1273 3077 babere
1292 3030 1460 3079 instituerat.

168 3130 261 3166 aarum
278 3116 411 3181 impetum
431 3114 507 3165 Galli
525 3116 663 3165 sustiuere
683 3131 737 3164 nou
760 3119 921 3180 potuerunt,
947 3118 1030 3176 atque
1053 3114 1082 3162 in
1106 3114 1200 3177 sugam
1224 3114 1345 3163 coniecti
1369 3115 1462 3164 multis

168 3200 326 3251 eminuisse
346 3200 381 3250 ad
400 3216 499 3266 agmen
518 3202 709 3265 receperunt'.
732 3201 798 3250 Cres.
811 3201 841 3249 n.
856 3199 888 3248 G.
903 3199 964 3247 VII.
981 3198 1018 3247 13.
1089 3196 1122 3228 ⁷⁴⁷
1145 3198 1322 3262 Pompeianae
1342 3199 1460 3248 Pharsa-

167 3286 230 3336 lica
250 3284 345 3336 clades
364 3286 389 3335 d.
403 3284 428 3335 9.
442 3286 512 3349 Aug.
527 3301 551 3334 a.
566 3300 592 3334 ιι.
606 3283 664 3334 700.
717 3282 751 3315 ⁷¹⁸
769 3286 833 3349 Ipse
855 3285 918 3334 Car.
935 3284 964 3332 B.
979 3283 1011 3331 G.
1025 3283 1072 3331 IV.
1091 3282 1127 3330 li.
1143 3287 1253 3347 pontem
1272 3284 1301 3332 iu
1319 3284 1400 3334 Ubiis
1419 3285 1460 3333 fa-

167 3376 242 3420 ctum
255 3370 398 3421 describit.
412 3371 449 3419 cf.
463 3370 509 3422 Vl.
522 3369 547 3418 a.
561 3370 647 3434 Aquae
660 3375 767 3434 guttam
781 3370 808 3418 in
823 3369 945 3419 Rhenum
959 3367 1126 3416 effunderem
1144 3367 1168 3416 si
1187 3367 1221 3417 de
1240 3384 1269 3417 re
1288 3369 1388 3418 totiens
1407 3369 1461 3418 dis·

168 3460 267 3520 putata
283 3455 312 3504 b.
325 3454 343 3503 l.
358 3454 464 3519 aliquid
483 3455 652 3505 adnotarem.
699 3453 732 3486 ⁷⁵²
752 3454 849 3503 ‘soltus
862 3468 1059 3517 nemorosaque
1078 3459 1177 3517 tesqua
1195 3453 1231 3501 Et
1244 3451 1348 3503 silvss'’
1362 3455 1461 3505 Lrtcon.

169 3540 267 3592 Phara.
280 3540 327 3589 VI.
339 3538 382 3588 tt.
397 3554 437 3604 aq.
490 3538 524 3571 ⁷⁵³
543 3541 669 3601 „Quibus
689 3540 772 3589 rebus
792 3539 887 3588 Caesar
905 3539 1084 3588 vehementer
1103 3543 1253 3588 commotus
1271 3540 1462 3589 maturandum

168 3625 223 3675 sibi
242 3625 424 3686 existimarit,
442 3639 477 3674 na
496 3625 520 3673 si
538 3640 610 3675 nova
630 3640 726 3673 uranus
745 3627 893 3675 Sacrorum
913 3640 973 3673 enm
992 3623 1133 3673 veteribus
1151 3624 1239 3688 copiis
1253 3624 1383 3674 Ariovisti
1401 3640 1462 3675 sese

169 3711 370 3768 coniunxisset,
389 3711 479 3759 minus
499 3709 582 3759 lecile
601 3712 694 3759 resisti
714 3714 815 3775 posset.
853 3712 951 3774 ltaque
971 3726 999 3759 re
1020 3709 1202 3758 frumentaria
1220 3723 1301 3772 quam
1320 3709 1464 3759 celerrime

169 3796 258 3861 potuit
281 3799 435 3860 conparata
458 3795 567 3859 magnis
591 3796 738 3845 itineribus
763 3796 797 3844 ad
821 3795 989 3846 Ariovistum
1015 3794 1186 3846 contendit”.
1208 3797 1273 3847 Cres.
1293 3795 1326 3842 B.
1341 3794 1372 3844 G.
1387 3795 1408 3845 1.
1421 3794 1463 3845 37.

168 3878 202 3913 ²⁸⁴
217 3880 304 3930 Saevi
320 3881 347 3930 r'n
364 3895 444 3944 marg.
457 3895 504 3929 om.
519 3884 544 3929 3.
597 3878 631 3912 ⁷⁵⁷
649 3882 691 3930 Do
710 3882 833 3930 Arminio
854 3881 1028 3946 l'arianaque
1048 3882 1127 3931 clade
1146 3883 1174 3930 in
1193 3897 1251 3946 sqq.
1266 3878 1382 3928 maxime
1395 3877 1465 3928 Pen-

169 3965 307 4032 tingerum
325 3963 459 4027 (Sermon.
474 3965 623 4029 convival.)
642 3973 753 4016 secutus
772 3972 827 4028 est,
848 3967 894 4030 qni
918 3981 969 4016 sun
987 3964 1088 4031 praeter
1106 3967 1218 4016 Florum
1238 3964 1384 4014 maximam
1403 3980 1464 4029 par-

169 4055 224 4101 tam
242 4066 277 4101 ex
295 4048 399 4099 Ottonc
412 4049 532 4113 Frising.
546 4050 597 4100 111.
611 4051 635 4100 4.
651 4056 678 4100 et
697 4067 730 4101 ex
743 4051 831 4101 Celtis
849 4052 976 4101 versibus
994 4052 1088 4103 babet.
1125 4068 1189 4101 nam
1207 4051 1249 4100 sie
1268 4049 1315 4098 ille
1335 4064 1389 4098 non
1407 4050 1464 4099 cvi·

169 4140 229 4185 tata
253 4134 418 4185 confusione
442 4133 562 4184 cladium
580 4136 712 4186 Varianae
731 4137 956 4202 ilungaricaeqne
980 4137 1025 4186 die
1044 4137 1071 4185 S.
1092 4135 1237 4185 Laurentii
1262 4150 1287 4183 a.
1301 4132 1361 4183 955.
1380 4150 1465 4198 prope

169 4216 322 4287 Augustam
347 4235 363 4268 a
388 4218 534 4269 Germanis
556 4219 682 4270 hostibus
706 4222 776 4283 suis,
808 4222 939 4271 Romanis
964 4221 1050 4277 illius,
1081 4220 1219 4270 Avaribus
1242 4220 1300 4269 sive
1324 4218 1465 4282 Hungeris

169 4303 263 4367 lanius,
285 4302 451 4354 inlatarnmr
476 4304 629 4366 „Germani
654 4309 752 4372 postea
771 4306 901 4367 Quintilii
920 4306 988 4355 Veri
1007 4305 1151 4354 libidinem
1170 4309 1198 4353 et
1216 4303 1372 4370 superbiam
1391 4302 1466 4353 haud

170 4403 248 4439 secus
268 4404 350 4455 qnam
368 4389 504 4440 saevitiam
529 4390 618 4440 odisse
644 4397 788 4456 coeperunt
811 4396 838 4439 et
856 4391 980 4439 Arminio
1004 4390 1073 4439 dirce
1098 4390 1182 4439 armis
1205 4390 1340 4453 correptis
1364 4390 1464 4439 occisae

171 4480 231 4525 runt
249 4475 318 4523 Vari
336 4479 393 4524 tres
411 4474 549 4539 legiones:
573 4474 642 4524 nibil
667 4491 701 4525 ea
720 4476 797 4525 oaedo
815 4491 865 4540 per
883 4475 998 4541 paludes
1017 4490 1120 4539 perque
1138 4473 1225 4524 silvas
1244 4473 1398 4534 cruentius,
1424 4475 1464 4521 ni-

170 4558 206 4609 hil
223 4558 407 4610 insultatione
426 4559 605 4609 barbarorum
624 4560 833 4621 intolerantius,
854 4560 993 4625 praecipue
1012 4566 1106 4609 tamen
1124 4560 1154 4608 in
1172 4573 1318 4609 causarum
1336 4562 1465 4621 patronos

214 4645 303 4711 ipsios
321 4658 429 4710 quoquc
447 4644 570 4694 consulis
589 4661 701 4710 corpus,
722 4646 793 4710 quod
811 4645 927 4694 militurn
946 4647 1037 4710 pietas
1055 4645 1132 4694 bnmi
1151 4644 1306 4704 abdiderat,
1327 4642 1465 4702 effossum,

170 4729 281 4797 aquilas
299 4730 386 4781 etiam
405 4731 474 4780 duas
492 4731 606 4781 barbari
624 4731 818 4796 possederunt;
844 4731 955 4781 tertiam
978 4730 1111 4796 signiter,
1136 4730 1296 4795 priusquam
1319 4727 1347 4776 in
1370 4742 1467 4779 manus
