3270 5354
360 246 485 285 ΙΠΤΙΙῘ
498 247 528 282 ΙΙ
540 245 738 282 ΕΧΟΕΡῊΟΝΕΠ
751 244 938 280 nocturum
950 243 1072 280 Aeneam
1087 244 1291 282 ransurutcve.
1304 263 1306 268 v
1397 214 1465 288 36¹

377 405 530 466 Teutoniae
551 404 638 464 matri
661 403 794 482 Stygium
818 403 911 461 iurata
935 420 988 481 per
1011 419 1142 470 emnem,

322 526 363 569 are
379 508 556 575 Venturum,
579 505 710 565 diberthi
734 505 892 564 redivivam
917 524 931 564 o
956 510 1108 564 stemmata
1132 504 1260 581 prolem,
1284 502 1472 588 l⁰¹t⁸⁵¹¹⁰⁴⁴¹ll

1305 545 1379 582 beruun
1390 556 1450 582 eran.

377 609 549 672 Presidium
572 609 673 685 patriai
696 617 725 666 et
748 624 861 683 magum
884 625 958 665 liora
983 608 1106 684 pignora
1129 606 1240 667 laudis:

376 712 469 792 idque
492 713 528 772 ita
552 709 624 771 relle
648 710 733 768 decis:
758 727 884 785 namque
909 716 942 767 ut
963 711 1043 768 senis
1066 708 1169 768 ordine
1192 707 1246 769 tau

378 812 498 875 Flebilis
520 814 660 873 emeritos
683 811 844 888 abruperat
867 813 993 889 Atropos
1016 829 1124 879 annos,

380 916 534 989 luciditiu
557 914 671 974 laceros
693 921 787 972 mater
810 913 966 973 Gerruauia
990 912 1101 981 ludus,

326 1037 365 1081 au
380 1017 469 1081 Multa
492 1035 583 1096 super
605 1021 766 1094 cariquesta
790 1017 868 1082 viro,
893 1032 1061 1093 corpusque
1084 1016 1204 1077 tenebat

378 1121 553 1182 Exanimem
577 1116 728 1196 complexa
750 1119 816 1176 sinu
838 1116 1007 1196 blandoque
1032 1118 1148 1178 larebat

378 1222 503 1283 Brachia
527 1220 705 1281 circundans
728 1238 804 1279 nexu
828 1227 857 1279 et
879 1219 1056 1279 miserabilis
1079 1238 1184 1282 onmes

378 1325 531 1386 Turbabat
552 1324 622 1383 iletu
646 1321 770 1400 populos
793 1320 1017 1401 laclnymasquc
1041 1321 1150 1392 ciebat,

377 1426 486 1489 Pallida
509 1424 591 1486 labra
615 1442 703 1484 manu
727 1433 863 1501 tangens,
889 1425 1017 1502 (lunaque
1041 1425 1140 1485 oscula
1164 1426 1237 1505 tigit,

324 1550 364 1591 aaa
379 1529 438 1590 Ore
461 1529 613 1590 cicatrices
635 1527 822 1605 obductaque
844 1525 964 1587 vulnera
989 1533 1087 1585 meuto
1290 1545 1445 1584 auratarum

1290 1592 1416 1626 meminerunt
1426 1595 1469 1630 Aet.

378 1633 477 1694 Cernit
499 1631 595 1691 allbuc
618 1630 748 1707 dirisque
770 1629 898 1707 patentia
923 1636 1041 1706 pectora
1065 1629 1147 1689 rimis
1289 1632 1470 1676 “ffirmab-

1288 1683 1333 1709 neae
1345 1677 1387 1711 t’ine
1400 1677 1421 1712 P.
1435 1677 1458 1713 it.

377 1733 561 1812 brachiaque
583 1741 612 1793 et
635 1731 727 1792 multo
750 1728 894 1791 sulcatum
918 1730 1042 1791 recliere
1066 1732 1208 1801 frontem,

379 1835 415 1896 Et
437 1854 583 1913 nusquam
606 1852 666 1895 nou
689 1834 771 1910 signa
795 1835 852 1901 sui,
878 1840 1067 1893 monumenta
1091 1834 1243 1899 laborum:

172 2006 378 2019 *—

240 2109 276 2143 ²⁴⁰
293 2112 336 2161 Ex
354 2109 467 2160 Alberto
486 2108 595 2159 Achille
619 2108 712 2171 (Ulixe
736 2123 843 2172 quoque
869 2107 1073 2172 cognominato)
1099 2114 1127 2158 et
1149 2110 1330 2175 Margaretba
1348 2113 1471 2164 Badeusi

169 2194 294 2246 loannes
312 2195 412 2245 Cicero
432 2198 511 2260 pater
529 2195 593 2244 novi
613 2193 816 2258 archiepiscopi
835 2200 916 2241 uatus
935 2194 1000 2254 fuit;
1020 2210 1130 2242 uxorem
1149 2196 1385 2269 loanneebabuit
1397 2201 1469 2248 Mar-

169 2280 319 2346 garetbem
339 2279 513 2330 Saxonicum.
551 2280 578 2329 Is
598 2279 651 2328 fuit
669 2280 800 2335 loannes,
822 2280 867 2341 qui
887 2293 948 2326 cum
966 2279 1120 2343 Arncburgi
1140 2281 1220 2329 morti
1239 2283 1377 2346 proximus
1396 2290 1470 2334 esset

170 2366 242 2427 sta.
258 2364 539 2427 1499.),10echimum
559 2364 644 2413 filium
661 2369 731 2413 natu
749 2365 880 2412 maiorem
901 2363 935 2411 ad
954 2379 984 2412 se
1004 2370 1148 2413 evocatum
1168 2364 1322 2429 admonuit,
1342 2374 1371 2416 nt
1389 2369 1469 2418 deum

171 2457 237 2502 ante
257 2451 350 2500 omnia
369 2450 481 2512 celeret,
501 2451 617 2499 iustitiae
638 2454 666 2498 et
685 2448 877 2498 beneticentiae
891 2449 1022 2502 studeret.
1042 2449 1166 2500 subditos
1180 2467 1196 2500 a
1209 2454 1410 2515 potentioribus
1423 2471 1469 2519 op-

168 2551 282 2603 pressos
299 2536 464 2596 vindicaret,
484 2550 535 2584 nee
553 2535 635 2585 nimis
655 2533 811 2599 indulgeret
829 2533 950 2582 licentiae
969 2534 1134 2584 nobilitatis.
1168 2536 1292 2587 Prudens
1311 2539 1353 2588 rir
1372 2539 1469 2588 initae

168 2621 302 2672 disertus.
315 2619 595 2670 Deillbertollcliille
609 2620 688 2684 plura
702 2620 774 2668 intra
787 2635 812 2667 v.
827 2617 901 2668 1032.
916 2619 1051 2683 legentur.
1065 2619 1203 2682 Albertns,
1217 2627 1299 2671 natus
1313 2623 1337 2672 d.
1352 2623 1468 2673 iiiior.

170 2723 197 2757 a.
211 2704 287 2756 lata.
300 2706 414 2755 moritur
426 2705 454 2754 ln
467 2705 587 2755 comitiis
598 2704 877 2754 Francosurtcnaibus
892 2721 916 2752 a.
934 2703 1005 2754 trad.
1056 2702 1091 2734 ²³²
1104 2719 1187 2770 nanqj
1200 2709 1224 2755 1.
1232 2710 1257 2756 2.
1293 2706 1327 2739 ²⁴⁷
1340 2707 1470 2759 circumd.

168 2796 196 2841 6.
232 2789 267 2824 ¹⁵⁰
279 2790 343 2840 Aut.
355 2789 490 2856 Campani
504 2789 551 2850 (cf.
566 2788 618 2839 vol.
634 2790 665 2838 V.
680 2807 704 2855 p.
723 2789 789 2850 175.)
804 2790 885 2853 epist.
900 2789 945 2837 VI.
959 2788 984 2837 3.
998 2788 1123 2849 (l'relieri
1137 2791 1240 2839 ecrrJI.
1255 2809 1280 2857 p.
1294 2791 1365 2854 293.)
1379 2795 1471 2855 „illar-

169 2877 236 2927 ebio
255 2877 297 2926 rir
315 2891 395 2938 acer,
419 2874 563 2940 eloquens,
587 2875 678 2929 vafer,
704 2879 731 2922 et
750 2891 828 2939 quem
847 2873 962 2937 Vulpem
982 2872 1137 2922 Germaniae
1156 2882 1270 2937 vocant,
1291 2878 1470 2930 bellicosissi-

170 2977 232 3012 mus
245 2965 276 3011 et
291 2960 514 3027 pugnacissimus
532 2960 650 3009 omnium
670 2962 716 3023 qui
736 2961 763 3009 in
777 2959 926 3010 Germania
943 2957 1091 3007 laudantur
1102 2959 1181 3021 (Pius
1193 2960 1327 3011 Achillem
1347 2964 1470 3029 appella·

169 3046 227 3110 vit)
246 3046 427 3097 cicatricibus
444 3050 519 3096 tetus
538 3048 565 3094 in
584 3046 725 3105 manibus,
750 3045 880 3110 pedibus,
900 3043 989 3101 vultu,
1010 3043 1081 3092 collo
1101 3050 1264 3109 excavatum
1283 3063 1358 3113 saepe
1377 3051 1470 3114 singn-

170 3133 224 3182 lari
244 3132 397 3181 certamine
410 3131 566 3193 dimicavit,
586 3146 639 3195 quo
663 3146 765 3195 genere
790 3146 890 3195 pugnae
913 3144 1050 3193 nunqnam
1069 3130 1159 3179 victus
1184 3136 1239 3194 est,
1264 3133 1362 3197 proelio
1386 3135 1471 3184 semel

172 3234 190 3268 a
208 3217 353 3268 Ludovieo
372 3217 481 3266 Bavaro
501 3217 559 3265 eius
584 3216 773 3265 consobrino’'.
805 3216 965 3279 Praecipuus
984 3216 1086 3264 aeneae
1105 3215 1193 3278 Sylvii
1210 3216 1243 3266 de
1262 3216 1376 3267 Alberto
1394 3218 1471 3270 locus

171 3304 220 3353 hic
239 3306 283 3352 est
300 3301 362 3362 (Pii
379 3301 415 3350 11.
430 3302 460 3351 P.
473 3301 509 3350 bi.
524 3299 722 3350 Commentarii
742 3317 793 3349 rer.
808 3299 975 3350 memorubb.
990 3299 1033 3348 Fr.
1051 3298 1122 3348 tuit.
1138 3300 1186 3350 sol.
1200 3318 1226 3366 p.
1238 3300 1296 3362 dt.)
1321 3303 1471 3364 „eilbertus

173 3386 299 3438 marchio
317 3385 590 3449 Brendcburgensis,
609 3385 653 3434 vir
671 3385 739 3434 celsi
759 3386 844 3434 animi
865 3389 892 3433 et
911 3385 951 3434 rei
970 3383 1098 3434 militaris
1117 3386 1309 3451 peritissimus,
1330 3390 1376 3453 qni
1395 3394 1424 3439 et
1443 3391 1471 3440 in

174 3472 325 3538 Hungaria
343 3476 372 3521 et
388 3471 523 3520 Bobemia
542 3476 570 3519 et
589 3471 617 3520 in
636 3470 752 3519 Polouia
772 3476 799 3519 et
819 3472 846 3520 in
866 3472 939 3520 omui
960 3472 1110 3520 Germania
1128 3472 1273 3535 militavit,
1294 3474 1405 3525 ordines
1423 3476 1471 3524 du-

174 3558 216 3608 xit
234 3562 263 3608 et
280 3571 442 3623 megnmum
461 3557 631 3605 exercituum
651 3557 743 3604 extitit
767 3557 929 3620 imperator,
955 3559 1034 3606 cuins
1058 3561 1099 3605 tot
1122 3557 1248 3607 victoriae
1272 3558 1384 3608 fuerunt
1407 3566 1472 3624 quot

175 3642 283 3708 praelia.
302 3640 550 3706 Norimbergenses
568 3645 632 3690 ceto
651 3642 850 3690 certaminibus
869 3642 1024 3706 superavit,
1044 3658 1097 3692 nuo
1117 3646 1223 3692 tantum
1241 3644 1397 3706 succubuit,
1417 3661 1471 3695 non

175 3740 277 3797 magno
297 3732 414 3792 accepte
433 3726 611 3788 detrimento,
637 3731 700 3775 octo
726 3731 754 3775 et
773 3727 868 3776 decem
886 3731 992 3775 tantmn
1012 3728 1120 3777 vicibus
1141 3727 1238 3795 clypeo
1257 3732 1364 3778 tantum
1384 3735 1413 3779 et
1431 3732 1472 3796 pi·

175 3811 218 3862 leo
241 3815 336 3862 actus
359 3811 395 3860 ad
417 3810 589 3876 singularem
612 3827 734 3876 pugnam
757 3817 872 3860 recatus
891 3813 982 3861 vietor
1001 3813 1099 3862 evasit.
1136 3815 1341 3863 Torneamenta
1365 3820 1407 3865 tot
1424 3816 1471 3865 de-

174 3899 243 3948 vicie
262 3901 330 3963 quot
348 3896 427 3945 adiit.
446 3895 582 3945 Achillem
601 3896 727 3961 plerique
746 3896 950 3945 'slieutouienm
969 3897 1157 3962 appellavere.
1177 3897 1244 3946 Cum
1257 3899 1400 3949 Ludorico
1418 3902 1471 3950 Bo-

175 3982 272 4032 ieerice
289 3980 360 4031 duce
378 3981 480 4031 bellum
500 3981 588 4047 gessit
610 3982 754 4045 victorque
777 3983 857 4046 pacis
875 3981 953 4045 leges
976 3998 1024 4047 pro
1043 3997 1092 4031 sno
1116 3982 1230 4031 arbitrio
1254 3983 1332 4033 dixit.
1369 3985 1472 4036 Rursus

175 4066 247 4117 bello
266 4071 396 4116 revocate
415 4065 529 4116 relictus
547 4083 564 4116 e
577 4067 661 4116 sociis
674 4082 771 4131 pacem
791 4067 825 4116 ab
844 4067 923 4115 hoste
937 4068 1045 4132 recepit
1057 4070 1112 4116 ...‘.
1132 4068 1261 4132 Idemque
1275 4069 1391 4132 rettulit,
1411 4086 1470 4120 cum

174 4153 332 4218 superiores
351 4151 508 4201 Germaniae
533 4151 974 4215 civitatesNorimbergensib11S,
1000 4151 1098 4214 quibus
1121 4152 1250 4201 ailbertus
1273 4153 1376 4202 bellum
1399 4155 1471 4204 indi-

175 4240 268 4298 xerat,
293 4235 427 4287 auxilium
453 4237 526 4286 t‘erre
549 4237 727 4297 statuissent,
752 4252 921 4300 magnusque
947 4237 1129 4285 instrueretur
1153 4238 1306 4300 exereitus,
1336 4243 1472 4303 quaerenti

175 4321 298 4381 cuidem,
324 4320 391 4386 quid
408 4325 516 4370 tantum
535 4320 662 4386 populum
682 4323 815 4372 adversus
834 4336 916 4369 unum
934 4322 1089 4389 principem
1108 4321 1278 4387 eundemque
1297 4339 1351 4373 non
1370 4325 1472 4376 ditissi-

175 4422 246 4457 mum
259 4406 443 4468 instruerent,
464 4422 481 4457 a
499 4407 617 4472 primore
637 4407 698 4457 cire
718 4421 876 4469 responsum
896 4421 956 4454 esse
976 4405 1106 4470 ‘Desipirq
1125 4406 1214 4469 bomo,
1233 4408 1261 4457 in
1274 4408 1380 4459 Alberti
1399 4413 1472 4461 enim

175 4491 282 4542 astutia
299 4494 329 4540 et
347 4490 512 4541 tortitudine
530 4493 648 4541 omnium
669 4491 825 4540 Germaniae
848 4490 1003 4554 principum
1027 4491 1101 4541 vires
1125 4508 1244 4557 opesque
1269 4495 1470 4545 continentur”.

177 4575 219 4626 Cf.
234 4576 323 4627 etiam
341 4575 428 4626 eined.
444 4576 547 4626 Aeneae
568 4577 753 4627 Germaniam.
775 4580 803 4624 et
821 4577 922 4640 Europ·
938 4591 961 4623 e.
976 4574 1017 4625 32.
1031 4575 1073 4626 39.
1088 4582 1116 4626 et
1133 4578 1246 4642 passim.
