3270 5354
174 358 248 431 398
351 387 474 425 HVTTENI
489 387 518 421 ln
532 370 729 422 ΕΧΟΕΡΤῘΟΝΕΗ
742 386 925 422 ΙΟΟῪΝἩΝΔΙ
939 385 1061 420 sconart
1075 385 1281 422 ΡΔΝΙΟΥΒΙΟΥΒ.

375 541 468 612 Quam
491 539 638 619 loquoris,
663 542 748 601 vivit?
772 543 837 619 quis
860 542 975 601 cantius
998 542 1061 601 ocia
1085 542 1154 600 vitat

310 661 360 702 rare
375 641 470 703 Officii
493 644 624 702 memori
647 649 697 701 aut
720 643 785 720 quis
808 640 874 718 plus
896 642 1038 721 prodesse
1061 641 1194 703 laborati

375 743 438 803 llnc
461 762 528 811 ros,
552 763 569 803 o
593 751 695 803 stature
720 743 826 822 (neque
849 746 928 804 enim
951 745 1066 822 vivique
1088 745 1213 824 virique)
1296 742 1439 825 l}:,2;⁰g“·'
1497 736 1499 741 ⁴

374 844 548 914 Pontifices,
572 844 674 905 ocnlos
696 844 862 912 advertite,⁸
878 848 933 905 rita
956 852 1074 922 petatur

374 945 467 1007 llnius
489 945 526 1006 ab
550 945 698 1025 exemplo!
720 965 772 1007 ros
794 948 823 1006 in
846 949 1000 1024 praesentia
1024 953 1136 1007 tantum

374 1047 522 1108 Proclives
544 1049 649 1108 animis
671 1048 759 1108 ritam
783 1050 953 1108 consumitis
975 1066 1109 1118 omnem,

309 1167 360 1206 ruo
374 1149 473 1226 lgnari
496 1168 560 1227 (pure
583 1168 634 1210 ros
656 1150 792 1218 deceant,
817 1150 969 1210 veriatiltus
992 1151 1052 1228 apti

376 1249 505 1328 liciaque
528 1249 628 1311 infami
650 1252 783 1312 secordia
806 1252 916 1312 ducere
939 1269 1059 1320 somno,

374 1350 460 1420 Vina,
484 1351 589 1428 dapes,
614 1352 752 1422 choreas
776 1365 881 1413 cantos
903 1351 980 1413 bona
1002 1370 1115 1412 somma
1138 1355 1264 1430 putatis:

375 1452 496 1513 Pascitis
519 1452 692 1531 ingluviem;
715 1454 801 1533 quid,
825 1454 904 1532 quod
927 1454 1034 1515 dixisse
1057 1453 1231 1531 pudendum

374 1553 448 1613 Huic
471 1555 561 1623 soret,
585 1561 614 1614 at
636 1554 719 1615 robis
742 1558 829 1616 ctiam
852 1557 956 1616 iecisse
978 1555 1136 1625 decorum,

308 1674 358 1714 nas
373 1654 406 1714 ln
429 1653 550 1715 Veneris
572 1654 673 1717 ludum
698 1665 727 1718 et
748 1657 841 1718 lindos
864 1656 1045 1718 descendere
1068 1657 1191 1718 sordes?

375 1755 440 1817 Non
463 1775 584 1835 possum
607 1756 728 1819 laudare
751 1757 846 1819 bonos
868 1767 1042 1838 rectumque
1064 1760 1156 1830 tueri,

375 1858 440 1919 Non
464 1859 560 1919 odisse
584 1860 678 1920 malos
701 1862 874 1939 crimenque
896 1862 1045 1921 incessere
1067 1858 1178 1938 lingua.

373 1959 486 2020 llornm
509 1961 555 2021 isti
578 1961 649 2022 niliil
672 1971 729 2023 ost:
753 1964 783 2022 in
806 1962 959 2040 relligione
982 1962 1103 2022 diurnas
1346 1961 1437 2046 ,lg-⁶32*

373 2060 597 2141 Nocturnasque
619 2064 698 2125 vices
720 2064 848 2142 disponit
870 2072 899 2125 et
920 2064 1025 2124 anxius
1047 2062 1139 2124 ambit

312 2162 477 2223 iaanltlcio
500 2165 571 2224 satis
593 2183 657 2225 esse
677 2155 748 2234 su0;
773 2184 831 2225 non
855 2165 903 2226 ille
925 2166 1059 2225 ministro
1124 2186 1126 2191 ·
1296 2161 1439 2248 {333¹ss

375 2264 535 2326 Committit
556 2267 725 2343 peragenda
747 2267 803 2327 sibi
826 2285 878 2327 sna
901 2285 1000 2335 sacra,
1025 2266 1128 2328 ridetis

372 2367 496 2428 Admota
520 2375 648 2429 tractare
672 2387 761 2431 manu
784 2370 966 2448 proprioque
989 2376 1143 2429 canentem

373 2468 432 2529 Ore
454 2470 541 2530 deum
564 2470 674 2532 landes.
699 2473 751 2532 Cui
773 2490 858 2531 mens
880 2472 936 2531 tuit
957 2471 1012 2530 ista
1033 2472 1184 2548 priorum,

373 2571 460 2633 Cuive
483 2573 560 2633 istud
584 2572 728 2640 studium,
752 2572 913 2650 similisque
936 2574 966 2631 in
988 2571 1079 2633 rebus
1100 2571 1223 2650 agendis

310 2689 359 2730 tais
375 2671 537 2733 Sedulitasl
559 2675 655 2751 primo
678 2676 812 2751 ingressu
835 2672 963 2751 collapsa
984 2679 1029 2733 iot
1050 2673 1134 2733 annis
1308 2658 1312 2663 ⁴

372 2773 549 2835 Restaurare
572 2783 664 2854 parat.
688 2777 754 2854 quis
775 2794 899 2836 monera
921 2774 1031 2852 largius
1052 2791 1183 2853 unquam

373 2875 527 2954 dispersit,
551 2896 618 2936 cnm
642 2883 759 2955 tempus
782 2884 858 2947 erat,
882 2877 983 2956 quisre
1005 2877 1082 2937 inter
1106 2877 1246 2954 egenos'

371 2978 506 3039 Prolodit
527 2987 586 3038 tam
609 2977 692 3063 laetus
714 2979 803 3056 opes?
826 2980 891 3058 quis
913 2980 1020 3056 saepius
1042 2984 1122 3038 artes

372 3081 475 3142 Allecit
496 3079 580 3140 lucro
604 3088 633 3141 et
655 3082 766 3141 meritis
789 3080 864 3141 benc
887 3080 964 3141 dona
987 3079 1141 3157 rependit?

307 3199 356 3239 iaso
372 3181 503 3260 Surgite,
528 3181 671 3251 Virtutes,
695 3187 935 3260 experrectmque
958 3181 1067 3242 reverti

371 3283 478 3344 Usibus
500 3283 638 3344 humanis
660 3284 799 3360 gaudete!
822 3284 963 3343 immensa
987 3283 1114 3343 merenti

370 3386 491 3446 Praemia
516 3387 678 3463 proposuit.
702 3386 855 3463 despecta,
880 3383 1001 3444 attollite
1024 3390 1120 3444 rectas

371 3486 519 3556 Cervices,
543 3486 658 3556 Studia,
683 3495 711 3548 et
734 3486 889 3546 redivivam
913 3485 1086 3564 apprendite
1108 3483 1250 3564 palmam!

370 3589 474 3649 inritat
495 3590 597 3667 precio
621 3591 756 3648 virtutem
780 3594 808 3647 et
831 3585 963 3647 moribus
985 3585 1075 3648 altum

305 3709 354 3749 ress
369 3689 502 3768 Egregiis
524 3692 656 3767 aperitur
678 3693 743 3750 iter.
778 3688 956 3749 Clementior
978 3686 1027 3748 illo

368 3792 432 3852 Non
456 3791 522 3861 luit,
546 3793 678 3853 insanam
702 3789 841 3851 cohibere
863 3793 996 3851 tenacius
1018 3791 1092 3850 iram

325 3950 329 3959 ,
370 3892 425 3964 Oui
448 3899 547 3972 posset
567 3893 760 3970 stimulosque
782 3909 852 3951 suos
874 3909 977 3952 arcere
1000 3891 1178 3968 premendo:
1255 3935 1257 3939 Α

370 3994 441 4064 Quis
464 3995 538 4055 videt
561 3995 687 4055 iratum?
709 4012 806 4071 neque
828 4001 898 4053 tnnc
922 4011 989 4053 cum
1012 3993 1109 4053 andita
1134 3991 1236 4052 luisset

369 4096 461 4157 Causa
483 4096 664 4173 Pepercorni
685 4077 811 4174 tetrique
833 4095 972 4173 adaperta
995 4095 1100 4156 veneni
1274 4090 1320 4172 if„
1334 4090 1447 4168 ,mu

308 4218 357 4258 iaso
373 4199 484 4259 Scrinia
508 4202 537 4257 in
561 4199 680 4259 exitium
704 4196 760 4257 sibi
782 4197 856 4256 lacta
880 4197 998 4275 suisque
1021 4196 1148 4263 rideret,

232 4469 276 4503 ’Μ
294 4471 332 4521 Hi
350 4484 445 4521 versus
457 4469 556 4519 Febris
575 4467 680 4534 dialogi
699 4468 778 4532 quasi
795 4467 931 4533 prodromi
948 4472 1019 4517 aunt.
1069 4465 1110 4499 ¹²³¹
1131 4466 1290 4532 Otiaqned.
1339 4462 1381 4497 ¹²¹⁸
1398 4463 1448 4514 Hoc

164 4561 190 4605 et
206 4559 347 4620 aptemma
364 4571 411 4605 om.
426 4557 452 4605 3.
506 4553 643 4619 religione
662 4556 686 4603 6.
736 4551 779 4584 ¹²⁴⁷
798 4553 840 4602 Cf.
854 4551 908 4602 vol.
921 4553 943 4602 I.
957 4569 984 4617 p.
1000 4549 1056 4601 los.
1071 4566 1144 4601 num.
1156 4551 1299 4601 xxxnn.
1349 4548 1392 4582 ¹²⁶⁹
1407 4563 1448 4597 ex·

164 4636 639 4704 perectaeq351¹²⁵¹PremiaLz
695 4635 737 4696 75*
755 4638 883 4702 pretiod.
937 4635 980 4669 ¹²³⁹
998 4636 1041 4686 Ct'.
1056 4651 1138 4702 snpra
1156 4652 1182 4701 p.
1195 4635 1255 4687 ³47.
1268 4633 1383 4701 osup.
1394 4628 1447 4683 titt.

164 4721 190 4782 ἕ.
202 4721 228 4772 ³.
242 4723 442 4788 Pepericornus
455 4724 479 4771 ia
492 4726 604 4775 lemmate
622 4723 697 4773 labet
717 4725 742 4772 3.
755 4721 916 4794 sequentibus
934 4723 1055 4772 lemmatis
1072 4722 1179 4771 omneis.
