3270 5354
701 494 882 557 LECTVRlS
905 495 934 556 S.

182 680 184 686 ,
240 636 309 686 Post
328 650 362 684 aa
381 650 441 698 quae
461 633 495 682 ad
514 634 631 697 primam
655 632 750 681 horum
775 638 930 697 poematum
952 635 1058 698 partem
1083 648 1100 681 a
1122 632 1203 683 uobis
1226 634 1373 699 disputata
1396 641 1465 696 sunt,

128 777 130 781 y
174 719 208 769 ad
221 720 292 770 hauc
311 718 437 780 alteram,
458 733 538 784 quam
557 733 613 784 prae
627 717 728 786 ceteris
741 715 930 768 Caesarianam
948 719 1006 769 sive
1019 717 1238 768 Maximiliauam
1256 734 1312 770 uno
1330 721 1466 770 vocabulo

172 805 266 856 dicere
284 804 386 870 possis,
412 804 441 853 iu
464 805 619 854 universum
643 817 732 867 pauca
757 803 951 867 praemonenda
971 819 1030 853 esse
1049 802 1177 853 videnlur
1201 802 1371 870 (singulares
1396 807 1465 855 enim

172 889 353 955 praelationes
371 888 544 952 sequentur),
565 894 592 937 et
610 887 725 952 primum
744 887 852 952 quidem
871 887 904 937 de
923 887 1049 953 partibus
1067 887 1114 939 hic
1132 889 1268 954 receptis,
1292 894 1352 940 tum
1371 888 1405 939 de
1425 892 1465 941 eis

172 990 232 1039 quae
255 976 331 1040 prius
354 990 371 1024 a
393 974 474 1023 nobis
498 973 573 1023 edita
597 989 630 1022 ex
652 972 704 1021 hoc
727 971 865 1022 volumine
891 972 1049 1038 ableganda
1071 974 1191 1024 fuerunt.
1227 973 1355 1025 Partium
1375 981 1465 1026 autem

172 1064 347 1126 receptarum
365 1056 536 1123 conplurium
549 1056 687 1123 duplicem
700 1059 890 1108 recensionem
904 1062 1006 1116 extare,
1026 1058 1096 1123 quod
1109 1058 1143 1108 de
1155 1058 1272 1110 Nomine
1285 1065 1349 1125 post
1360 1060 1464 1111 Burek-

171 1145 286 1195 hardum
304 1145 384 1209 quasi
401 1159 459 1193 rem
476 1142 559 1193 valde
583 1142 788 1192 memorabilem
812 1142 965 1208 praedicare
984 1142 1088 1205 solent,
1111 1144 1243 1193 Eobanus
1261 1144 1371 1196 Hessus
1395 1147 1465 1209 (nam

171 1229 235 1280 huie
258 1229 353 1280 deberi
378 1227 498 1294 Operum
520 1229 691 1293 poeticorum
715 1243 786 1277 auno
807 1225 879 1279 1538.
898 1227 1068 1293 publicatam
1092 1227 1242 1279 editionem
1264 1245 1320 1280 nou
1345 1231 1466 1298 ambigo)

172 1314 296 1382 quamvis
319 1329 373 1365 neu
397 1314 583 1385 ignoraverit,
611 1317 711 1384 tamen*
728 1316 803 1362 certe
827 1313 937 1377 penitus
961 1312 1097 1378 neglexit,
1127 1314 1262 1364 Gruterus
1289 1319 1385 1366 autem
1408 1333 1465 1367 eum

173 1399 301 1450 ‘Delitias
319 1401 464 1464 poetarum
475 1396 680 1450 Germanorum*
700 1396 857 1463 colligeret,
877 1397 995 1460 Huttsui
1012 1397 1182 1451 carminibus
1200 1397 1285 1466 aliam
1305 1415 1402 1450 curam
1421 1401 1465 1451 ad·

172 1485 264 1535 hibuit
282 1483 387 1533 nullam
405 1497 486 1548 quam
503 1488 535 1533 ut
551 1483 636 1533 Hessi
655 1470 822 1547 exemplum,
841 1481 977 1532 sordidius
995 1480 1063 1532 illud
1081 1496 1163 1548 quam
1182 1481 1217 1534 ab
1236 1483 1359 1536 Hutteni
1378 1488 1466 1537 amieo

156 1569 242 1629 ¹ferri
260 1569 361 1634 possit,
384 1568 440 1617 nisi
462 1582 513 1618 sua
536 1569 597 1633 ipse
621 1571 751 1634 poemata
774 1566 808 1617 ab
827 1567 931 1617 eisdem
950 1567 1041 1633 operis
1061 1567 1157 1617 eedem
1176 1569 1272 1634 negoti
1290 1571 1408 1636 gerendi
1426 1573 1466 1622 in·

173 1653 257 1704 scitia
273 1652 394 1704 exscribi
411 1667 509 1718 passus
528 1658 602 1703 esset
619 1652 763 1714 Eobauus,
789 1652 1069 1702 Francofurtenaibua
1092 1653 1184 1718 operis
1209 1655 1393 1720 repetendum
1412 1662 1465 1707 tra·

173 1741 264 1800 deret,
291 1737 519 1805 epigrammatum
542 1739 600 1788 fere
624 1741 723 1802 quarta
743 1740 823 1801 parte
848 1751 880 1787 ac
900 1737 924 1786 si
941 1751 995 1787 nou
1014 1738 1158 1788 extiterint
1175 1737 1278 1789 omissa
1297 1744 1347 1790 aut
1365 1741 1464 1792 deleta.

172 1822 319 1873 Milnchius
331 1823 459 1888 denique,
479 1823 604 1888 quamvis
616 1821 829 1871 vindobonense
843 1819 995 1887 exemplum
1008 1822 1077 1885 (Iud.
1091 1822 1220 1889 bibliogr.
1231 1823 1311 1875 Hutt.
1322 1841 1397 1875 num.
1408 1827 1465 1888 vl.)

173 1908 208 1958 ad
226 1922 325 1958 manus
342 1907 474 1971 haberet,
497 1912 527 1958 ut
551 1908 604 1957 fuit
626 1906 708 1972 plane
733 1905 906 1956 admirabilis
923 1906 1108 1972 neglegentiae
1127 1906 1207 1958 homo
1232 1913 1261 1960 et
1283 1909 1406 1961 inscitia
1424 1927 1465 1962 se·

174 1993 326 2044 carissimas
343 1990 529 2058 socordiaeque
548 1991 694 2054 studiosus,
714 1992 739 2041 si
756 2006 811 2041 non
830 1997 955 2042 curasset
971 1996 1002 2041 ut
1020 1992 1158 2042 sordidum
1176 1994 1314 2046 sordidius
1332 1998 1464 2046 transcri-

171 2078 293 2141 beretur,
312 2077 545 2142 metamorphosin
563 2078 661 2142 passns'
679 2076 827 2127 diceretur.
858 2077 950 2141 itaque
969 2077 1086 2128 cumde'
1101 2075 1258 2130 adhibendo
1274 2084 1327 2131 suo
1340 2081 1465 2148 exemplo

172 2162 370 2228 Erphurdiensi
384 2162 454 2226 (Iud.
468 2162 597 2228 bibliogr.
609 2164 686 2212 Hutt.
698 2178 771 2211 num.
782 2162 828 2211 XI.
842 2161 878 2224 2.)
898 2177 930 2211 ue
944 2161 1050 2211 Bessus
1063 2163 1172 2227 quidem
1186 2163 1348 2229 cogitasset,
1368 2167 1464 2217 mirum

172 2262 227 2296 non
247 2251 289 2296 eat
308 2263 325 2296 a
342 2246 509 2311 sequacibus
529 2248 555 2298 id
573 2247 731 2314 neglectum
750 2262 824 2307 esse,
850 2252 880 2295 ut
903 2252 1013 2296 taceam
1032 2247 1064 2297 de
1085 2247 1248 2312 Corycianis
1267 2249 1367 2302 aliisve
1385 2251 1465 2303 libris

173 2331 271 2396 quibus
290 2347 344 2382 non
361 2331 438 2381 nulla
456 2337 577 2383 nostrum
597 2332 749 2400 exemplum
768 2332 859 2383 debet.
895 2332 937 2381 De
956 2331 1034 2391 modo
1053 2332 1184 2403 editionis
1201 2333 1413 2388 Exhortationis
1431 2338 1464 2388 ad

171 2415 392 2466 blaximilianum
410 2421 439 2466 et
455 2416 561 2466 heroici
579 2417 612 2468 de
632 2416 780 2468 Germania
798 2432 851 2467 non
870 2416 1001 2482 degeneri
1020 2418 1150 2468 carminis
1168 2419 1309 2482 primarias
1328 2435 1390 2471 cum
1410 2422 1464 2472 edi·

173 2499 247 2550 tione
266 2505 418 2552 retractata
437 2505 573 2566 auctaque
592 2503 776 2566 coniungendi
795 2517 848 2552 nou
871 2500 1025 2552 inconsulto
1048 2503 1135 2552 statui
1156 2508 1303 2570 utramque
1326 2504 1464 2572 integram

173 2582 316 2647 exhibere,
342 2591 373 2637 ut
393 2587 423 2636 iu
446 2587 550 2637 edendo
568 2588 684 2638 Nemiue
703 2587 764 2638 fieri
782 2586 891 2648 debuit,
915 2587 954 2635 ita
977 2590 1008 2635 ut
1030 2588 1173 2652 utriusque
1198 2590 1294 2640 formae
1313 2588 1463 2642 diversitas

172 2669 333 2721 diversitate
352 2675 476 2737 typorum
496 2671 679 2723 adhibitorum
698 2673 757 2722 sine
775 2670 927 2737 legentium
945 2671 1171 2722 incommoditate
1189 2673 1368 2727 oculorumve
1382 2677 1464 2728 olien-

171 2754 248 2804 sione
266 2757 413 2822 perspicua
432 2761 518 2807 esset:
537 2757 622 2806 malui
641 2758 714 2807 enim
732 2759 829 2822 paucis
848 2756 950 2806 chartae
963 2756 1040 2808 foliis
1054 2761 1081 2806 et
1094 2756 1200 2821 aliquot
1213 2761 1282 2811 meis
1293 2760 1370 2812 horis
1383 2778 1463 2829 quam

169 2838 288 2890 utilitati
311 2845 340 2891 et
364 2843 551 2892 commoditati
575 2843 655 2892 huius
680 2840 798 2906 exempli
822 2857 876 2892 nou
898 2856 1021 2906 parcere.
1059 2842 1097 2891 Ac
1117 2842 1215 2894 similis
1233 2859 1323 2896 causa
1341 2852 1386 2897 est
1404 2863 1462 2913 que

170 2940 212 2975 me
230 2926 316 2976 movit
333 2933 364 2976 ut
381 2927 513 2993 conplura
531 2927 647 2978 eliorum
665 2927 783 2990 scripta,
807 2925 947 2976 orationes
966 2930 995 2979 et
1013 2928 1148 2989 carmina,
1174 2943 1236 2979 eum
1254 2934 1410 2996 praesertim
1429 2933 1462 2983 ad

169 3008 342 3060 Hutteniana
369 3013 471 3063 rectius
499 3013 665 3064 aestimanda
692 3013 805 3077 egregie
834 3000 927 3061 facere
955 3011 1168 3073 intellexissem,
1200 3015 1262 3079 ipsa
1290 3021 1386 3067 autem
1417 3024 1463 3068 aut

170 3095 279 3145 omniuo
296 3096 427 3163 neglecta
441 3102 488 3147 aut
506 3099 724 3164 infrequentiam
743 3111 804 3146 esse
822 3097 965 3158 vidissem,
985 3102 1115 3162 quantum
1126 3100 1203 3163 potui
1216 3101 1366 3158 emendata
1377 3108 1407 3152 et
1423 3103 1461 3152 iu·

168 3177 287 3230 lustrata
306 3186 362 3231 tum
375 3183 568 3234 Exhortationi
587 3190 643 3232 tum
662 3181 782 3257 heroicis
801 3186 897 3231 contra
910 3182 1031 3231 Venetos
1044 3183 1213 3233 carminibus
1226 3184 1377 3238 adicerem.
1400 3204 1462 3238 nam

168 3264 239 3340 quod
257 3264 293 3314 ad
310 3267 395 3317 tetius
413 3267 493 3317 huius
512 3269 603 3333 operis
623 3269 758 3318 rationem
776 3283 865 3316 meam
884 3266 1075 3331 explicandam
1099 3269 1186 3332 primo
1210 3271 1306 3320 statim
1330 3272 1462 3323 volumini

167 3350 301 3415 praefatus
319 3367 390 3415 sum,
411 3353 496 3403 etiam
514 3368 586 3403 nunc
605 3358 635 3402 ut
652 3352 811 3418 perficerem
830 3351 924 3401 sedulo
942 3351 1047 3414 studui,
1068 3352 1095 3401 id
1115 3358 1204 3404 estut
1221 3356 1340 3407 Hutteui
1358 3360 1462 3425 seripta

168 3434 209 3484 ita
227 3435 349 3498 ederem,
374 3453 409 3487 ne
427 3437 501 3488 iuter
519 3454 599 3503 puros
617 3438 794 3487 historiarum
814 3452 848 3486 ae
867 3437 1021 3486 litterarum
1042 3438 1271 3496 Germanicarum
1289 3442 1384 3494 fontes
1403 3461 1461 3511 quas

167 3521 357 3586 reciperentur
375 3537 424 3588 per
442 3538 483 3571 mc
501 3523 616 3587 indigna
635 3527 736 3572 essent.
772 3522 844 3571 unde
864 3536 1035 3587 consequens
1055 3527 1110 3585 est,
1132 3524 1216 3588 quod,
1237 3526 1324 3592 siquis
1344 3529 1462 3581 celerius

166 3604 227 3656 haec
245 3604 386 3656 volumina
404 3609 583 3672 percurrerit,
609 3608 704 3655 mirum
723 3607 810 3655 videri
829 3607 916 3671 possit
935 3622 968 3656 ac
991 3607 1077 3657 nimia
1099 3607 1218 3659 licentia
1236 3612 1363 3676 'factum,
1388 3615 1462 3665 haud

166 3705 257 3755 pauca
275 3706 317 3741 me
335 3693 460 3757 recipere
479 3708 539 3757 quae
558 3708 611 3743 nou
629 3693 715 3742 solum
728 3693 879 3740 Huttenum
899 3695 1037 3741 auctorem
1055 3708 1110 3742 nou
1127 3693 1294 3759 habuerunt,
1313 3699 1364 3749 sed
1383 3715 1461 3751 nemo

166 3774 228 3825 dum
246 3776 369 3826 Hutteuo
389 3777 579 3842 adscripserit:
605 3779 699 3842 itaque
723 3776 841 3826 lectores
865 3776 911 3840 qui
934 3775 1096 3841 diligentius
1117 3778 1160 3829 his
1184 3781 1315 3845 operibus
1341 3785 1461 3835 studium

166 3860 356 3926 inpenderint,
376 3852 460 3912 ia'eile
480 3862 566 3911 multa
578 3863 731 3912 Huttenica
750 3861 914 3912 commodius
933 3859 1095 3928 pleniusque
1114 3879 1195 3929 quam
1215 3866 1380 3939 adnotando,
1396 3871 1460 3921 elie·

166 3947 277 4008 eissem,
303 3947 371 4012 ipsis
389 3945 446 3996 illis
465 3947 667 3997 adiectionibus
687 3946 821 4012 explicari
841 3951 869 3995 ct
887 3945 1015 3996 adornari
1034 3948 1168 3999 viderint:
1193 3952 1322 4015 equidem
1341 3970 1397 4005 non
1416 3957 1460 4006 de·

162 4029 309 4082 licatorum
322 4031 504 4082 oblectationi
521 4033 569 4082 sed
587 4033 720 4082 bonarum
737 4032 892 4081 litterarum
909 4031 1138 4098 historiarumque
1157 4036 1343 4088 studiosorum
1362 4041 1462 4092 iustru-

166 4116 252 4167 ctioui
271 4116 344 4167 hauc
364 4116 515 4167 editionem
534 4118 683 4168 destinavi.
720 4116 822 4166 Contra
841 4131 901 4181 quae
919 4115 1104 4168 voluminibus
1123 4125 1189 4169 ante
1208 4119 1261 4171 hac
1280 4124 1365 4175 editis
1383 4143 1462 4192 repe·

164 4202 218 4251 tita
237 4202 271 4251 ab
290 4202 343 4252 hac
362 4206 518 4267 poematum
536 4207 615 4267 parta
635 4202 734 4251 abesse
753 4201 827 4250 volui
845 4216 936 4266 pauca
954 4204 1109 4267 poematia,
1134 4208 1164 4253 ut
1187 4220 1272 4272 supra
1296 4213 1462 4272 monuimus,

165 4285 266 4335 iustum
284 4286 331 4335 ubi
351 4287 426 4337 edita
444 4293 508 4336 sunt
526 4288 691 4338 invenerrmt
708 4287 801 4337 loeum'
818 4291 846 4335 et
864 4301 942 4361 quem
961 4303 1033 4337 nunc
1052 4304 1171 4354 quoque,
1193 4293 1247 4340 nisi
1267 4294 1291 4342 si
1310 4294 1371 4344 sola
1391 4296 1461 4346 llut-

165 4371 222 4418 teni
241 4377 369 4435 poemata
391 4372 458 4420 mihi
483 4372 589 4422 edenda
613 4372 717 4432 serent,
743 4372 783 4421 eis
806 4371 913 4433 darem,
937 4372 1047 4438 singula
1070 4378 1163 4424 tamen
1183 4393 1215 4426 eo
1234 4376 1289 4427 loei
1308 4384 1462 4431 memoravi

164 4453 213 4501 ubi
231 4455 303 4504 inter
322 4457 413 4505 omnia
431 4459 554 4507 earmina
580 4455 751 4506 conlocanda
774 4456 933 4507 videantur:
958 4457 991 4507 de
1015 4473 1069 4507 una
1088 4461 1216 4525 Epistola
1240 4462 1335 4513 ltaliae
1355 4465 1462 4516 ficticia

166 4550 227 4585 cum
245 4539 327 4588 Hessi
345 4541 518 4605 responsoria
536 4557 629 4591 verum
648 4558 702 4592 non
722 4546 765 4592 est
783 4542 853 4607 quod
871 4541 954 4592 modo.
968 4542 1035 4600 dixi,
1056 4545 1103 4594 sed
1123 4546 1155 4595 de
1175 4547 1217 4597 his
1236 4549 1312 4598 inira
1332 4565 1381 4600 suo
1400 4551 1461 4601 loco

165 4617 317 4682 pleniorem
336 4623 540 4676 adnotationem
559 4627 624 4676 ieci.
659 4611 730 4677 Boni
749 4625 875 4689 consule,
895 4626 991 4676 lector.
