3270 5354
151 392 273 431 vunnu
286 394 390 431 lmul
404 394 565 433 'rutvuettvtt
579 395 718 432 DOOTOBIB
732 396 873 435 novenum
888 397 1299 436 s.toa.currttott18mtcotttott.
1319 371 1393 442 419

303 549 400 612 hltera
424 557 485 610 tum
509 569 613 611 scaenae
636 551 726 613 iacies
749 555 818 621 erit,
842 551 932 613 altera
956 572 1085 633 pompae,

302 651 338 712 Et
361 651 544 730 perhibenda
567 653 661 715 oculis
683 653 740 714 alio
762 654 928 733 spectacula
951 657 1023 716 ritu:

266 774 293 813 so
307 753 449 833 Fulgidus
471 756 534 834 ipse
556 774 629 817 auro
652 765 682 817 et
704 774 794 817 curru
817 756 950 818 sublimis
972 757 1087 819 eburno

304 856 375 917 Post
395 856 522 918 venetas
544 875 576 918 sc
598 858 733 918 ostendet
755 876 841 937 opes,
865 876 999 938 quosque
1021 860 1107 920 Adria
1132 859 1220 938 longo

304 957 451 1037 Tempore
472 966 517 1019 tot
538 960 639 1038 spoliis
660 959 838 1040 populorum
861 963 988 1039 aggessit
1011 962 1039 1021 in
1063 981 1171 1031 riuum.

304 1058 472 1122 Thesauros
495 1061 594 1129 vehet,
619 1069 648 1123 et
669 1070 770 1142 raptas
792 1062 939 1141 praedonis
960 1065 1052 1142 iniqui

304 1162 422 1223 Diuitias
443 1162 572 1242 portabit
594 1182 670 1244 aqua
694 1166 841 1244 terrisque
863 1167 984 1244 petitam

265 1283 291 1323 ss
306 1263 341 1324 Et
362 1263 555 1344 spoliatorum
578 1267 685 1328 misere
706 1269 883 1346 patrimonia
906 1285 1010 1345 regum

307 1365 394 1427 lbunt
416 1375 445 1428 et
467 1367 612 1428 scelerum
636 1369 776 1431 authores
799 1373 827 1430 iu
851 1370 981 1432 vestibus
1007 1373 1092 1441 atris,

304 1468 387 1531 Frroe
409 1469 491 1547 ligati
513 1488 617 1531 omnes
638 1472 800 1552 vinclisque
823 1471 976 1533 tenacibus
998 1486 1117 1541 omoes;

303 1571 365 1633 Nec
385 1590 417 1633 se
441 1574 497 1633 iam
520 1572 648 1634 Venetos
670 1575 768 1635 dicent
789 1581 840 1635 aut
862 1593 926 1636 esse
948 1573 1101 1654 putabunt.

304 1673 400 1751 'larga
422 1680 561 1753 prement
583 1677 697 1754 equites
720 1682 807 1754 atque
830 1676 980 1737 auxiliaria
1004 1674 1072 1736 belli

266 1792 293 1832 aa
307 1774 405 1836 Turba
428 1776 538 1837 ducum
561 1779 713 1857 ereptique
736 1780 826 1838 armis
849 1785 878 1838 et
900 1777 936 1838 ali
960 1777 1044 1837 hoste
1067 1782 1179 1859 recepti

305 1877 412 1956 Captivi
436 1879 515 1939 cives
536 1879 693 1959 nitidisque
717 1882 863 1941 exercitus
885 1881 989 1949 armis,

304 1978 340 2039 Et
362 1997 427 2058 quae
450 1996 510 2039 non
532 1979 614 2042 locus
638 1989 682 2042 est
704 1990 736 2041 ut
758 2000 838 2043 nunc
860 2002 895 2044 ex
919 1983 1023 2043 ordine
1045 1983 1149 2044 dicam.

304 2080 448 2143 Omnibus
470 2089 625 2160 argentum
649 2084 821 2155 Germanis,
846 2083 982 2144 omnihus
1004 2103 1108 2146 ararum

304 2182 347 2243 Ex
369 2184 467 2263 praeda
491 2184 623 2255 dalaitur,
648 2204 831 2266 gemmaeque
854 2194 883 2248 et
905 2204 1036 2266 purpura
1059 2193 1089 2245 et
1111 2194 1193 2246 ostro

265 2306 292 2345 aa
306 2286 454 2348 Oistinctae
475 2295 571 2349 vestes
593 2295 622 2349 et
643 2291 667 2350 si
690 2289 853 2369 preciosius
875 2289 937 2349 istis

304 2387 375 2449 llsse
397 2396 495 2468 potest
516 2388 635 2468 aliquid.
660 2391 783 2453 (liversis
804 2400 876 2453 tunc
898 2408 1017 2470 quoque
1039 2399 1163 2468 surgent

303 2489 373 2552 Fixa
395 2491 528 2571 trophaea
550 2490 640 2561 locis,
664 2494 807 2554 victorum
831 2501 939 2554 aeterna
962 2492 1087 2553 subinde

304 2592 425 2655 Virtutis
446 2601 636 2654 monumenta
659 2613 734 2663 sure;
759 2594 952 2656 memorabile
975 2612 1083 2656 nomen

304 2694 417 2756 Sentiet
439 2695 496 2756 hoc
518 2697 654 2776 miroque
677 2697 751 2758 leret
774 2715 848 2757 nova
871 2697 978 2773 gaudia
1002 2696 1123 2758 Rhenus

252 2817 289 2857 too
303 2796 340 2856 Et
361 2814 394 2859 se
416 2797 514 2858 laetitia
538 2800 602 2878 ripa
626 2799 769 2860 dilluudet
791 2808 929 2879 utraque,

301 2897 450 2960 Exultahit
470 2901 548 2978 agris
570 2909 599 2961 ct
621 2919 725 2979 campo
748 2901 830 2961 ludet
851 2909 967 2980 aperto,

302 2998 402 3070 Qualis
425 3010 502 3070 erat,
527 3021 594 3064 cum
616 3011 645 3065 te
668 3005 807 3065 reducem
830 3003 999 3064 victricibus
1022 3004 1113 3063 armis

302 3100 382 3164 Orbe
405 3112 559 3182 pererrato
582 3106 724 3182 victisque
747 3113 818 3183 quot
840 3104 921 3166 orbis
944 3106 1054 3166 adisses

302 3203 394 3266 llarte
416 3224 501 3286 aequo
524 3207 642 3287 populis
665 3208 778 3269 tumido
800 3207 966 3268 laetissimus
988 3224 1075 3267 amne

251 3325 288 3365 ms
302 3308 458 3388 Acciperet
480 3309 597 3371 domitis
621 3317 809 3387 regnantem,
834 3307 953 3379 Carole,
977 3308 1082 3377 Gallis,

302 3410 403 3489 Oeque
425 3410 482 3471 tuis
504 3412 583 3489 genti
605 3412 770 3473 tradentem
793 3413 912 3472 nomina
937 3411 1073 3478 Francis;

301 3513 359 3572 hut
381 3520 463 3573 certe
486 3531 574 3592 quam
597 3512 680 3574 letus
703 3521 767 3574 crat
788 3515 917 3593 patiente
940 3531 1111 3593 supremam

302 3614 383 3676 ltalia
407 3613 537 3685 cladem,
560 3616 652 3694 rigida
677 3615 868 3678 Friderichus
891 3615 927 3676 ab
951 3614 1024 3694 Alpe

184 3715 189 3725 '
303 3716 376 3777 Cum
401 3724 616 3797 transportaret
639 3718 801 3797 Suevisque
824 3727 986 3797 exponeret
1008 3719 1086 3779 arvis

251 3838 288 3877 uo
302 3817 475 3879 'lerribileis
497 3818 609 3898 aquilas
632 3828 817 3899 mortemque
841 3822 963 3882 terentia
987 3829 1092 3882 castra.

303 3920 415 3982 Sentiet
437 3920 494 3982 hoc
516 3938 677 4000 secumque
700 3923 774 3984 lster
796 3925 873 3984 leret
895 3941 981 3984 amne
1003 3921 1134 3983 serundo

300 4020 477 4084 Perculsum
499 4024 580 4084 feros
602 4025 765 4085 tristissima
789 4025 895 4085 nuncia
918 4025 1047 4090 Turoas:

302 4124 428 4186 Ultimus
451 4134 587 4187 arctoum
610 4126 746 4186 transibit
767 4144 872 4186 rumor
895 4127 930 4186 ad
954 4125 1066 4191 albim,

302 4226 388 4306 lsque
411 4227 462 4288 tihi
485 4227 626 4304 gaudebit
648 4245 739 4288 ovans
763 4227 945 4307 hilaremque
968 4227 1091 4306 perinde

251 4349 287 4389 na
303 4326 444 4390 Ostendet
466 4328 578 4391 vultum
602 4336 631 4390 et
652 4329 742 4408 pleno
764 4329 897 4391 lasciviat
919 4346 1022 4397 arone,

151 4517 302 4529 ——-

162 4651 187 4686 ¹⁸
204 4655 378 4704 scoenae3.4.
414 4650 437 4686 ⁸¹
455 4655 700 4704 autores3.l.o.7.
735 4649 758 4682 ¹¹
776 4650 925 4717 pretiosius
938 4655 962 4699 7.
1009 4649 1240 4716 ¹¹¹trophaeum.
1289 4645 1393 4714 ¹⁰¹per·

151 4742 176 4788 tu
197 4740 223 4788 3.
232 4739 257 4786 l.
266 4740 290 4786 7.
341 4753 392 4802 pro
416 4753 464 4803 quo
488 4741 631 4802 pererrato
654 4739 705 4786 aiae
723 4742 873 4803 peragrato
890 4750 998 4800 proper.
1019 4734 1113 4786 Christ.
1167 4730 1197 4766 ¹¹¹
1217 4732 1347 4786 aeaut,

1111 4818 1173 4880 tt·
