3270 5354
80 352 85 361 ·
162 326 236 398 294
460 351 582 388 urrrssr
596 351 632 386 os
645 347 801 384 rrscsrvrrs
814 345 982 383 vsnuronrrs
996 344 1147 380 assereres.

363 507 479 587 ‘Regali
502 528 517 568 a
541 503 634 567 cultu'
657 503 807 584 respondit
830 509 875 563 ‘et
896 499 971 562 urbe
993 499 1095 579 relego

364 609 525 672 ‘Piseatum
548 608 689 676 Venetos:
712 607 888 667 miserorum
912 601 1025 664 vincula
1048 620 1153 681 regum

314 734 351 774 us
366 712 419 774 ‘Et
439 711 520 773 diras
540 709 621 772 solvo
644 710 790 769 manicas:
813 725 936 786 per.me
958 706 1056 767 omnia
1078 707 1184 785 priscae

365 813 537 884 ‘Libertatis
559 818 661 880 erunt;
685 808 790 870 leriam
813 808 982 870 discrimine
1004 810 1081 871 lusto

365 917 419 978 ‘Ut
440 913 541 996 populi
565 916 622 974 siut
644 920 733 991 utque
756 911 861 980 duces,
884 910 977 971 cirilla
999 912 1064 971 iura

366 1016 510 1081 ‘Urbibus
531 1018 694 1095 imponam.
719 1031 805 1091 reges
826 1013 931 1073 amissa
955 1010 1096 1073 tenebunt

366 1121 440 1192 ‘Qui
463 1137 517 1198 per
539 1136 586 1179 me
608 1118 740 1195 cupient:
764 1115 891 1176 studium
915 1123 959 1175 est
980 1116 1094 1193 aperire
1117 1115 1277 1176 revinctam

317 1243 353 1283 reo
369 1223 406 1282 ‘d
430 1221 546 1282 Venetis
568 1237 671 1298 pacem
695 1226 724 1278 ot
746 1224 804 1277 tota
830 1215 934 1278 tellure
957 1224 1106 1296 receptam

365 1322 504 1384 ‘Alllietae
526 1320 615 1382 ltaliae
636 1337 804 1399 pressaeque
826 1318 983 1379 ostendere
1005 1317 1114 1379 Rome.

366 1423 497 1487 ‘dreebo
519 1440 660 1485 excursus
682 1428 711 1482 et
732 1428 847 1500 sumpta
870 1419 1031 1481 latronibus
1053 1438 1134 1482 arma

366 1526 556 1604 ‘infringam
580 1524 718 1604 legesque
740 1521 817 1584 dabo
839 1530 1031 1602 ereptamque
1053 1521 1159 1584 tuebor

366 1628 535 1690 ‘lustitiam
558 1634 625 1706 post
647 1627 696 1706 qui
718 1626 794 1687 fletis
816 1624 975 1704 piscatibus
996 1623 1077 1685 orbis

317 1753 353 1793 rra
369 1730 484 1810 ‘Regna
506 1728 680 1791 allectarunt
703 1735 785 1789 etse
808 1744 899 1806 penes
921 1745 1008 1787 omne
1029 1725 1142 1788 subacti

366 1834 546 1913 ‘Sperarunt
566 1829 668 1892 mundi
692 1836 779 1909 caput
801 1830 1016 1908 imperiumque
1038 1829 1184 1899 loturum,

367 1934 497 2014 ‘Quique
520 1933 590 1994 mibi
612 1931 690 1993 bello
713 1938 742 1992 et
763 1931 921 1991 contractis
943 1929 1054 1991 viribus
1075 1933 1137 1993 ausi

366 2037 417 2098 ‘Et
440 2044 520 2098 terra
542 2042 571 2097 et
593 2040 707 2096 certare
730 2033 819 2101 mari,
843 2033 921 2112 quod
944 2032 1057 2112 origiue
1079 2040 1228 2105 conatam,

368 2138 416 2199 ‘ln
439 2139 600 2218 piscatores
622 2136 753 2215 redigam
775 2135 947 2215 priscasque
969 2153 1022 2214 per
1045 2143 1124 2197 artes

317 2261 354 2302 reo
369 2241 515 2302 ‘Scrutari
536 2238 607 2301 rada
631 2245 660 2300 et
681 2255 848 2299 aerumueso
871 2237 968 2297 virere
990 2240 1103 2314 quaestu
1186 2304 1196 2317 ‚

369 2343 495 2404 ‘Brutos
516 2348 602 2421 rapto
624 2359 745 2419 cogam,
768 2337 925 2418 laceraque
947 2339 1047 2399 cerina

368 2445 504 2506 ‘Nautiea
527 2442 641 2504 sulcato
663 2448 783 2501 cantare
805 2439 967 2502 celeumate
989 2438 1097 2519 ponto'.

367 2546 436 2608 llaee
458 2545 603 2607 dicentem
626 2542 760 2623 Aquilam
782 2540 973 2624 melitumque
993 2544 1091 2604 onrnla
1113 2544 1198 2607 lamis

367 2647 474 2710 Plausu
497 2653 678 2726 exceperunt
698 2661 785 2722 reges
806 2643 930 2723 laeteque
951 2644 1053 2706 relecti

316 2770 354 2813 us
369 2750 514 2829 Optarunt
536 2756 663 2828 coeptum
686 2749 759 2807 rotis
781 2745 941 2807 succedere
964 2744 1082 2807 bellum,

368 2851 478 2926 Quodsi
501 2858 532 2912 tu
555 2867 624 2913 casu
646 2849 773 2911 Venetos
795 2846 926 2909 servabis
948 2848 977 2908 in
1000 2849 1054 2908 isto

362 2956 482 3015 {lassare
504 2950 540 3013 ab
564 2953 652 3023 irato,
677 2951 731 3012 diis
754 2948 891 3011 ulteriora
915 2956 1063 3029 petentem

368 3055 411 3118 'le
433 3056 543 3123 dicam,
568 3054 715 3122 Fortuna,
738 3052 824 3114 deam
848 3050 1021 3131 templisque
1042 3052 1177 3113 sacrabo.

762 3190 855 3234 rnrls.

168 3254 369 3273 -—d——

233 3359 267 3395 ¹²⁸
288 3362 424 3425 Nouate,
447 3359 637 3414 Msximilieue
654 3358 821 3419 Humentes,
845 3373 900 3408 uon
922 3357 976 3421 sie;
999 3372 1063 3408 uem
1088 3363 1116 3410 et
1138 3357 1234 3425 pepuli
1256 3360 1328 3411 meri
1345 3359 1450 3427 quiden

167 3451 289 3515 possunt,
308 3447 405 3499 sedin
422 3451 529 3498 uterum
547 3445 619 3496 uude
639 3445 727 3495 exorti
744 3451 809 3494 sunt
826 3445 920 3510 recogi
938 3457 991 3493 neu
1009 3449 1131 3510 pessunt
1159 3442 1290 3497 Oetam
1306 3442 1392 3497 bodie
1403 3460 1451 3497 use

164 3534 304 3597 Hutteuus
321 3534 346 3582 si
363 3533 472 3584 vireret
482 3530 590 3597 Aquilae
608 3535 702 3596 portes
713 3533 809 3580 eontra
821 3529 927 3579 Rsnsm
940 3527 1110 3580 defenderet.
1161 3526 1194 3562 ¹¹⁹
1211 3528 1256 3581 Ol.
1269 3544 1355 3598 sepes
1372 3546 1450 3599 pagg.

168 3615 224 3668 162.
231 3630 289 3683 sqq.
301 3616 486 3668 Maximlliuni
498 3617 561 3682 imp.
575 3630 734 3682 responsum
740 3614 856 3665 Venetis
867 3614 1022 3667 oratoribus
1034 3614 1136 3667 dstum.
1176 3611 1211 3647 ¹⁸⁸
1222 3628 1369 3668 erumnose
1382 3619 1450 3668 daal.

168 3700 199 3735 ¹⁸⁸
217 3700 357 3764 Celeums,
370 3696 503 3769 altrepa,
517 3696 665 3767 κέλευσμα,
680 3700 794 3764 clamer,
812 3701 918 3751 sonitus
930 3715 952 3754 s.
966 3700 1112 3763 confisum,
1132 3714 1185 3766 que
1196 3704 1291 3752 ussto
1303 3701 1452 3754 iueltsutru

167 3791 342 3856 regunturre.
378 3788 532 3838 Huttenum
551 3789 634 3838 etiam
653 3786 743 3852 ipsum
761 3785 942 3836 nsrieuleriis
960 3786 1087 3844 Venetis,
1110 3800 1223 3850 queem
1246 3787 1360 3838 centies
1382 3786 1451 3840 reei-

166 3873 372 3940 ieretleussque
390 3871 479 3923 sdbue
498 3873 587 3923 audiri
606 3875 720 3938 possunt
737 3887 770 3922 es
789 3871 881 3921 oribus
900 3870 935 3921 eb
954 3870 1053 3936 Aquilo
1070 3869 1284 3923 dilseersterum
1307 3872 1450 3931 beminen,

167 3958 233 4010 elim
246 3972 322 4010 mum
335 3973 395 4010 esse
415 3963 533 4010 constet
587 3956 625 3992 ¹³*
633 3964 674 4001 'tt-
692 3958 830 4008 Huttenus
842 3958 991 4008 Fortunam
1009 3955 1097 4022 ipssm
1109 3957 1157 4007 rix
1168 3956 1261 4010 selres
1272 3958 1397 4012 Venetos
1414 3959 1450 4010 is·

168 4058 231 4094 cere
249 4057 345 4109 posse,
370 4048 400 4094 st
417 4059 471 4095 nen
488 4058 550 4095 sese
574 4048 670 4110 optare
689 4048 720 4094 ut
736 4043 835 4093 fierent
852 4041 938 4105 solvi,
962 4041 1120 4108 significare
1138 4041 1239 4104 veluit,
1262 4048 1295 4095 ut
1312 4060 1347 4096 ex
1365 4046 1451 4098 ueris·

168 4129 237 4178 sime
257 4142 339 4180 versu
356 4129 445 4181 rideri
462 4131 558 4196 possit,
579 4132 624 4195 qui
643 4130 735 4196 aptior
752 4129 787 4178 ad
799 4129 964 4178 Venetorum
982 4126 1070 4178 bostis
1087 4131 1206 4179 mentem
1217 4130 1260 4182 sie
1272 4131 1450 4184 scriberetur:

168 4212 208 4263 're
227 4211 334 4278 dicent,
352 4214 492 4279 Fortuna,
511 4215 590 4266 deam
609 4214 772 4282 templisque
791 4214 949 4265 sacrabunt.
1021 4209 1052 4244 ¹⁸⁹
1069 4228 1154 4266 rrsrs.
1167 4229 1215 4266 ers.
1228 4194 1302 4276 m.

664 4452 966 4463 --———-—-———
