3270 5354
173 406 247 478 454
445 433 568 470 nvnrsut
581 433 610 467 Iu
624 433 780 469 ΙΝΟΕΝῸΠΙ
793 432 995 469 ῙΝΤΗΕΒῙΔΠΙ
1007 433 1195 470 nxcttmro.

375 591 412 651 Et
434 589 609 650 technarum
632 590 786 667 omnisque
809 587 867 648 doli
890 587 1095 668 scelerumque
1117 597 1232 651 satores

376 694 571 768 Sartoresque
594 689 677 751 mali:
700 698 749 750 tua
773 706 851 750 nunc
874 689 1020 759 Ecclesia,
1045 691 1176 761 Christe,

337 815 363 856 ao
377 795 519 876 (Namque
541 794 599 854 hoc
621 799 795 872 praetextum
820 799 879 862 est,
903 810 962 870 quo
985 794 1038 853 toti
1060 792 1193 855 illuditur
1217 793 1298 876 orbi)

376 898 446 958 Hac
468 914 595 977 persona
619 894 690 955 boni
713 903 756 955 est
777 901 891 955 mutum
914 894 1068 972 complexa
1092 894 1254 957 rnalorum:

376 999 461 1073 Quod
484 1005 531 1068 tu,
556 997 686 1066 Christe,
710 996 811 1057 videns
834 1004 945 1058 statues
967 999 1031 1059 sine
1053 999 1112 1058 sine
1135 997 1313 1060 terendum?

376 1102 508 1163 Tandem
531 1103 718 1167 intentatam,
743 1099 847 1159 vindex
871 1100 1044 1170 iustissime,
1068 1098 1204 1161 fraudem

374 1203 412 1264 Et
432 1203 542 1264 lactum
563 1202 649 1263 toties
672 1201 724 1261 tibi
746 1199 846 1261 lctcnm
868 1200 1012 1262 ulciscere
1033 1203 1165 1263 tandem!

336 1326 361 1366 aa
376 1306 452 1367 Ecce
475 1306 517 1365 tui
539 1304 674 1365 adsertor
697 1302 793 1373 verbi,
817 1304 868 1382 qui
890 1303 980 1365 multa
1003 1303 1129 1364 docebat

375 1406 524 1486 Multaque
547 1405 712 1474 scribebat,
736 1424 795 1483 quo
818 1406 933 1466 vindice
956 1404 1039 1485 pulsa
1061 1407 1177 1468 redibat

375 1510 436 1570 Lex
458 1516 523 1580 tua,
546 1527 601 1587 pro
625 1507 737 1569 levibus
760 1506 933 1584 revigebant
954 1526 1022 1569 vera
1046 1507 1174 1577 labellis,

374 1611 508 1673 Nominis
531 1609 578 1672 ille
601 1612 643 1671 tui
665 1628 777 1689 praeco,
802 1628 890 1689 quem
914 1628 981 1671 vera
1004 1610 1160 1673 docentem

376 1713 511 1775 Dilexere
534 1713 591 1790 pii,
616 1712 702 1773 turba
726 1719 857 1774 aversata
880 1711 1025 1774 malorum
1049 1720 1109 1783 est,

337 1837 363 1879 ao
378 1816 433 1877 Dat
454 1833 605 1894 nunquam
628 1817 762 1876 meritam
787 1814 841 1875 snb
865 1816 965 1893 iniquo
988 1816 1086 1877 iudice
1111 1834 1240 1896 poenam.

373 1919 439 1990 Quo
460 1926 492 1978 tu
515 1917 631 1986 oculos,
654 1918 701 1995 pie
723 1916 853 1986 Christe,
876 1928 942 1977 tuos
964 1918 1129 1998 frontisque
1150 1937 1262 1981 severa

374 2019 477 2080 'lende
498 2017 704 2098 supercilium,
727 2027 814 2099 teque
832 2037 896 2081 esse
919 2020 1041 2081 ostende
1062 2022 1196 2099 neganti:

375 2121 508 2201 Namque
531 2121 594 2182 haec
616 2121 694 2182 haud
718 2123 872 2200 quisquam
896 2122 1005 2184 laceret
1028 2124 1128 2202 quite
1151 2142 1217 2187 esse
1239 2133 1370 2204 putaret:

375 2223 432 2294 Qui
454 2231 483 2284 te
506 2230 700 2284 contemnunt
720 2225 810 2303 igitur
833 2225 1022 2303 mediumque
1044 2227 1156 2286 tonanti
1184 2211 1194 2292 ⁸.

336 2349 360 2389 ts
376 2326 539 2387 Ostendent
562 2325 700 2404 digitum,
725 2326 842 2388 tandem
864 2328 899 2387 iis
921 2334 949 2388 te
972 2328 1095 2390 ostende
1116 2336 1277 2408 potentem.

374 2430 416 2492 Te
437 2429 534 2489 videat
557 2428 637 2489 lerus
659 2426 707 2489 ille
731 2429 804 2498 Leo,
827 2437 857 2489 te
879 2435 939 2489 tota
962 2428 1108 2491 malorum

376 2532 489 2592 Sentiat
510 2530 648 2600 inluvies,
671 2529 874 2610 scelerataque
897 2531 991 2592 Roma
1015 2534 1165 2593 tremiscat

376 2633 508 2695 Ultorem
530 2632 694 2702 scelerum;
718 2635 831 2695 discant
853 2641 882 2695 te
904 2635 1001 2696 virere
1023 2633 1125 2696 saltem

376 2737 432 2808 Qtri
454 2753 580 2814 regnare
603 2744 725 2813 negant,
748 2738 786 2798 sit
807 2754 866 2816 quo
888 2744 1004 2799 terrere
1024 2747 1166 2800 nocentes

336 2860 361 2901 so
377 2839 530 2917 Solariqne
552 2840 620 2917 pios
643 2838 727 2907 licet;
752 2857 907 2917 compesce
930 2840 1059 2919 superbo

373 2943 561 3004 Grassantem
581 2942 609 3001 in
633 2940 714 3018 leges
736 2948 765 3002 et
786 2940 879 3002 libera
903 2943 966 3003 iura
989 2943 1137 3012 surorem3

372 3046 507 3107 Audaces
529 3042 634 3104 cohibe
657 3049 787 3113 mentes,
813 3042 923 3105 obsiste
946 3046 1092 3124 tyrannis,

373 3148 508 3209 lnsontes
531 3147 580 3226 qui
602 3145 706 3207 hande
728 3152 835 3206 necant
858 3148 944 3225 rique
966 3148 1104 3208 omnibus
1126 3150 1254 3218 instant;

373 3249 410 3311 Et
428 3267 508 3310 nunc
529 3248 683 3319 ardentes,
708 3256 757 3309 tna
778 3249 864 3309 sortia
887 3249 990 3319 rerba,
1015 3248 1131 3311 libellos

333 3376 359 3414 ss
373 3352 515 3430 Respice,
539 3367 645 3427 magne
667 3358 768 3428 pater,
792 3350 949 3431 dirumque
970 3351 1115 3414 ulciscere
1138 3353 1259 3415 lactum.

372 3456 415 3516 Te
437 3455 511 3532 petit
532 3454 595 3513 haec
617 3451 730 3520 rabies,
754 3456 803 3513 lua
827 3462 895 3514 sunt
917 3437 1176 3533 opprobria,'legi

373 3557 421 3617 Vis
442 3557 474 3616 fit
497 3558 550 3616 ista
574 3564 638 3616 tuae.
663 3563 765 3616 contra
788 3553 884 3616 scelus
907 3573 995 3618 omne
1016 3555 1162 3636 probatur

372 3660 582 3737 Laudaturque
607 3658 697 3720 netas.
721 3657 854 3719 Tandem
877 3660 1099 3738 expergiscere,
1123 3660 1260 3730 tandem,

373 3764 411 3824 Ut
432 3780 464 3822 se
487 3763 611 3841 quisque
634 3762 728 3839 gerit,
752 3762 865 3822 merite
884 3763 943 3821 sint
965 3762 1084 3840 praemia
1108 3763 1189 3830 vitae:

332 3888 357 3928 oo
373 3864 506 3926 ltivinum
529 3873 650 3944 superet
671 3883 789 3933 verum,
813 3869 947 3925 seruetur
970 3863 1142 3924 honestum:

370 3969 405 4028 nt
428 3974 530 4044 pereat
551 3967 678 4027 llarrrmis
699 3965 845 4028 dleander
867 3964 967 4044 Apella
990 3965 1044 4027 sub
1067 3968 1148 4037 istis,

370 4069 516 4130 Anthores
539 4067 686 4130 scelerum
709 4074 833 4148 pereant
851 4086 1019 4147 meumque
1042 4069 1173 4130 Leonem

167 4208 369 4215 ψ*

231 4274 252 4306 ²⁹
272 4273 440 4325 Christei3.
476 4273 647 4339 ”Nonqrt
683 4269 703 4304 ³¹
722 4272 821 4338 Hqct.
857 4271 1004 4339 ³²videns]
1025 4272 1272 4324 rontemnere.
1308 4273 1451 4325 ¹⁵ECcet.

163 4361 289 4427 ³⁸preeo
309 4364 335 4409 3.
355 4360 444 4410 Preeo
464 4363 487 4409 t.
558 4357 579 4389 ³⁹
599 4358 790 4412 adversata5.
859 4357 879 4390 ⁴¹
899 4374 995 4424 seuere
1015 4363 1038 4408 1.
1058 4373 1163 4409 seuerae
1182 4361 1208 4408 2.
1268 4358 1291 4391 ⁴²
1310 4362 1416 4427 negrnti
1431 4362 1451 4407 2.

165 4448 184 4496 i.
199 4464 222 4496 e.
236 4447 350 4497 ostonde
370 4449 397 4494 te
417 4460 478 4495 esse
498 4445 525 4494 ei
544 4445 589 4509 qui
607 4450 635 4494 te
654 4451 748 4510 negat.
811 4441 833 4476 ⁴⁴
853 4449 1031 4495 contemnunt
1049 4447 1074 4495 2.
1139 4444 1186 4509 qui
1204 4444 1328 4495 Tonanti
1347 4446 1451 4497 medium

165 4532 281 4597 digitum
305 4530 455 4582 ostendunt
485 4530 576 4595 aptius
603 4529 647 4579 hic
676 4530 836 4579 dicerentur
866 4531 1061 4595 ‘spernuntque
1093 4529 1215 4580 divinum
1239 4530 1452 4598 Omnipotentem

164 4621 279 4682 patrem’
298 4616 342 4667 vel
362 4615 443 4665 aliter
462 4615 576 4665 evitatis
595 4616 668 4664 loris
687 4615 796 4664 nomine
816 4621 845 4664 et
867 4614 949 4681 digiti
974 4615 1079 4665 ostensi
1102 4614 1201 4679 figure.
1260 4614 1283 4648 ⁴⁸
1302 4617 1378 4668 ferus
1394 4610 1452 4677 Leol

164 4716 182 4764 i.
198 4718 221 4751 e.
234 4702 367 4751 Decimus
385 4699 512 4762 idemque
530 4700 563 4748 de
583 4714 635 4765 quo
653 4701 682 4749 in
700 4701 788 4751 saeris
807 4700 949 4766 scripturis
967 4716 1056 4751 sermo
1069 4705 1121 4751 est.
1173 4699 1195 4731 δ’
1213 4702 1314 4767 meritq
1325 4705 1352 4752 2.
1402 4714 1454 4767 pre·

168 4788 224 4836 mia
244 4789 267 4835 t.
321 4784 343 4818 ⁶¹
362 4783 480 4849 Appella
498 4787 523 4833 2.
543 4783 638 4850 opella
657 4788 683 4836 3.
737 4784 759 4817 ⁶²
777 4786 895 4836 Antores
913 4785 971 4835 La.
