3270 5354
161 368 234 441 310

347 397 492 435 §mmm
506 398 600 434 BERV!
612 398 779 434 YBNRTABVE
793 398 987 435 Psssflsnlovs
1000 401 1019 434 1.
1033 399 1261 446 GHHHLMGM·

309 576 347 617 oso
364 558 497 628 Tempore
515 558 571 611 iam
592 569 630 611 es
651 557 696 613 illo
714 557 819 628 pollam
844 558 984 612 succincto
1004 557 1114 614 sedebus

360 644 524 713 Exceptum
545 655 610 696 snos
629 640 711 713 soliar
732 642 857 698 Fortuna
878 643 1003 711 colonos,

363 728 435 796 Quos
451 727 499 782 celei
519 726 634 782 deiectos
654 728 718 782 uidit
738 729 792 782 iam
814 728 879 784 sede
901 733 1004 783 uetusta

359 813 557 885 Infractosque
581 813 660 867 malis
679 813 765 868 medio
782 810 834 867 sibi
850 827 977 884 quoerere
994 813 1081 883 fluctu

361 899 488 970 Effuqia,
513 897 643 953 arridens
662 912 722 953 sese
742 896 906 953 venientibus
924 898 1009 969 offeri

309 1003 346 1041 sss
360 984 510 1054 Pronaque
527 984 555 1037 in
577 983 723 1054 amplexus
745 983 866 1055 duplices
886 984 968 1038 simul
985 984 1108 1056 expuam
1127 985 1227 1048 slnoss

360 1068 480 1138 Suscipit
498 1074 524 1122 el
544 1068 665 1140 trepidos
678 1070 771 1140 perqit
789 1068 933 1139 complexa
953 1067 1065 1139 fovere.-

361 1154 424 1208 Non
443 1167 522 1207 secas
542 1167 576 1207 ac
597 1153 764 1209 asamona
779 1168 836 1225 per
853 1149 970 1224 compita
993 1154 1091 1221 loros's,

360 1239 423 1293 Non
444 1252 525 1292 sccus
546 1252 581 1292 uc
600 1240 655 1294 niso
673 1253 803 1309 personae
823 1238 962 1294 horrentis
979 1237 1056 1300 niatu

360 1321 448 1390 Quum
470 1328 562 1377 natum
583 1322 724 1394 trepidare
745 1323 815 1378 uiolet
835 1318 1002 1396 matremque
1021 1339 1121 1380 uocare

309 1424 347 1465 uso
361 1408 559 1479 Proeeipitnnte
576 1415 648 1462 melu
667 1409 701 1479 fit
722 1411 819 1464 nutrio
839 1408 916 1464 obuia
937 1414 964 1463 et
982 1409 1055 1464 illum

360 1493 473 1563 Excipit
491 1509 526 1547 ac
541 1493 631 1565 solum
649 1494 752 1565 qremio
773 1495 828 1548 iam
850 1510 922 1550 uana
943 1495 1038 1549 timere

361 1578 471 1633 Blanda
494 1584 563 1633 aetat
581 1593 726 1650 secumque
746 1594 829 1634 nonos
848 1581 977 1635 raneratn
993 1593 1117 1650 pavores
1216 1630 1219 1635 .

359 1663 495 1734 Absterqit
511 1663 660 1719 lachrimas
681 1665 878 1738 mulcentiaque
899 1665 993 1719 oscula
1012 1665 1080 1743 fiqit.

359 1751 395 1804 Ar
418 1765 472 1803 non
495 1748 616 1805 admotos
638 1756 702 1804 lunc
721 1752 833 1821 respicit
852 1749 964 1804 Hadria
985 1750 1091 1816 uultus,

309 1849 348 1892 sss
364 1833 427 1888 Non
449 1833 561 1888 blandos
580 1836 652 1890 irata
674 1835 768 1895 sinus,-
790 1837 854 1906 quin
871 1835 968 1906 plorat
984 1841 1010 1888 el
1029 1833 1086 1889 odit

360 1917 500 1990 Infandos
520 1924 557 1973 tot
570 1933 657 1989 passa
681 1922 767 1975 uices.-
787 1922 842 1974 iam
864 1919 974 1975 sederat
995 1920 1049 1974 olto

360 2002 446 2073 Septa
468 2007 542 2058 mari
562 2004 719 2059 miseranda
740 2019 838 2059 manus
856 2007 1021 2077 iuuenesque
1041 2018 1175 2076 senesque
1200 2042 1204 2047 -

358 2090 503 2144 Consortes
524 2089 608 2157 thori,
628 2089 810 2162 traductoque
822 2092 957 2163 piqnoru‚
977 2091 1047 2155 nali,

358 2172 480 2246 Ipsaque
500 2167 637 2242 recutitus,
657 2177 800 2246 prcesaqia
820 2182 896 2242 certa
916 2174 1015 2247 futuri,

291 2274 345 2314 suu
360 2258 486 2329 imperii,
511 2259 638 2315 hortatur
657 2274 786 2332 sparsum
804 2274 860 2331 per
879 2259 983 2316 coerula
1003 2259 1098 2332 vulqus

359 2345 514 2400 Damnatus
534 2347 630 2400 totiens
647 2339 780 2401 'sellarum
802 2345 911 2400 casibus
926 2344 1009 2400 urles

360 2430 497 2501 Linquere
518 2437 543 2484 et
561 2430 665 2485 undoso
687 2431 861 2485 circumdare
882 2431 974 2484 limina
990 2435 1075 2501 ponto

280 2545 286 2558 ·
358 2513 561 2586 Mansurusque
581 2520 679 2586 optare
695 2515 788 2587 socos,
806 2532 863 2587 pro
884 2515 1014 2571 moenilses
1032 2514 1109 2569 unda

358 2599 414 2655 Stel
434 2600 544 2671 quibus,
568 2600 683 2656 aduerso
705 2616 821 2673 qumque
841 2606 923 2655 exeat
943 2599 1020 2655 obuio
1040 2598 1124 2654 bello:

309 2700 347 2742 sus
361 2685 416 2739 llic
437 2701 571 2740 mansura
590 2686 698 2752 domus,
718 2685 768 2757 sas
786 2685 831 2741 liic
846 2700 962 2742 seruare
981 2684 1114 2754 Penates,

359 2764 486 2826 Cladibus
507 2773 637 2826 iariocuos
655 2770 704 2842 sas
725 2771 811 2827 libera
834 2773 897 2825 iuro
917 2772 995 2825 tueri.
1073 2752 1079 2777 '

358 2855 467 2911 Extulit
484 2855 527 2910 ln's
547 2857 667 2911 animum
688 2856 765 2911 dictis
783 2870 919 2928 qenerosa
939 2857 1063 2911 iuuentus

357 2940 556 3015 Consiliumque
573 2941 690 3013 probut,·
708 2943 763 3013 iam
783 2944 837 2996 ium
861 2956 936 2996 meres
956 2940 1078 2996 omnibus
1098 2957 1155 2996 una

357 3026 492 3081 lleserere
513 3026 652 3098 infaustas
672 3032 764 3080 terras
783 3028 921 3097 altumque
941 3033 1048 3088 tenere,-

305 3125 344 3165 sso
358 3110 420 3165 Iam
441 3118 538 3185 teqetes
556 3110 723 3184 humilesque
743 3125 818 3167 casae
837 3113 947 3183 iamque
968 3112 1024 3166 alla
1040 3112 1164 3183 palustri

356 3196 481 3257 Culminu
500 3203 670 3269 consurqunt
684 3197 805 3258 calaneor
824 3213 878 3268 pro
898 3196 1021 3252 dadcibus
1042 3200 1118 3252 orris

356 3282 445 3336 Littus
465 3290 491 3337 ei
509 3283 583 3338 nuda
600 3282 708 3353 placet,
726 3296 836 3354 proque
857 3284 924 3354 ipsis
943 3281 1073 3337 munibus
1088 3284 1145 3338 alta

356 3368 498 3438 Aequora,
519 3369 661 3439 multioaqo
679 3380 739 3422 sese
761 3370 895 3440 cinqentta
913 3368 1010 3437 fluctu.

357 3453 406 3506 Bis
428 3458 470 3507 ter
491 3453 563 3508 dena
579 3468 647 3524 ouqo
665 3452 837 3525 distinquitur
855 3453 948 3523 ‘insula
971 3451 1078 3520 Nereo,

304 3549 342 3590 sss
358 3536 435 3604 Ortus
456 3552 550 3593 rerum
573 3537 683 3592 Natura
696 3551 809 3609 ¹parens
827 3537 932 3610 colleqil
952 3539 981 3592 in
999 3538 1107 3600 orbem·

359 3622 455 3676 Omnia
476 3637 591 3678 cernere
608 3629 670 3677 erat
689 3623 741 3679 lua
759 3625 957 3678 intererescere
978 3624 1065 3692 cultu,

357 3706 480 3779 Quosque
498 3710 557 3764 salo
580 3713 712 3763 sleterant
730 3723 857 3774 numero,
881 3715 918 3763 tot
936 3715 1030 3763 castra
1047 3716 1176 3779 putasses

354 3792 473 3864 Disponi
488 3799 513 3848 et
534 3793 717 3849 castissimul
736 3793 838 3864 oppida
854 3807 970 3865 surpere
991 3796 1104 3865 campis.

269 3938 272 3942 Δ
361 3877 430 3932 llrls
445 3885 507 3933 erat
525 3895 582 3933 rana
603 3884 710 3946 tamen,
735 3879 785 3935 sed
804 3895 858 3951 qud
876 3881 948 3934 stelit
964 3880 1020 3933 alto
1035 3879 1187 3952 profundis

303 3972 342 4017 oso
357 3963 453 4019 lnsula
474 3971 553 4036 septa
574 3964 665 4030 uada,
684 3963 749 4019 usne
770 3970 851 4036 alqru
871 3964 935 4019 linc
954 3964 1046 4020 arduo
1066 3967 1150 4037 ripis,

356 4047 413 4103 ltes
431 4049 503 4103 dedit
517 4051 580 4121 ipsa
601 4049 659 4104 ioco
680 4064 778 4105 nomen
800 4051 838 4103 nil
856 4050 967 4104 cedere.-
987 4050 1074 4105 turleae

356 4133 457 4189 Sedula
479 4135 602 4190 nobilitas
621 4134 734 4207 urbique
754 4137 856 4189 intenta
872 4133 978 4206 suturoe

353 4218 512 4275 Hortatrix·
525 4234 638 4292 operum
655 4218 758 4288 stabat,
778 4221 939 4290 pariterque
962 4233 1070 4274 mouere

355 4304 487 4373 Caruilio,
509 4313 539 4360 ul
559 4304 647 4360 cultus
666 4308 741 4377 qenti
760 4312 841 4376 utque
862 4307 978 4363 immota,
992 4314 1115 4362 moneret

242 4390 247 4402 ⁸
308 4401 346 4445 sos
361 4389 485 4462 llelliqio,
512 4408 568 4462 quc
583 4398 665 4463 parte
682 4388 791 4462 sorum,
814 4408 869 4462 qua
882 4391 978 4462 prima
999 4397 1112 4448 senatus

354 4476 460 4531 Limina
482 4482 509 4532 et
529 4476 571 4531 leis
591 4475 695 4531 cultrie
708 4490 840 4547 superum
862 4483 1041 4549 consurqeret
1060 4496 1123 4534 cra.

353 4560 466 4616 litium
488 4568 593 4634 terripus
612 4566 686 4628 erat,
710 4578 763 4632 quo
784 4564 876 4617 aversi
891 4578 998 4617 cornua
1020 4566 1096 4619 tauri

219 4755 252 4790 ⁸⁰¹
272 4759 379 4810 coedere
399 4763 422 4810 l.
475 4756 771 4826 ⁸⁰2tempus1aanan.
