3270 5354
161 86 232 157 152
256 112 1456 159 nemarannnmsxrumunvuvrneuneusaraarroarrosnoaxrrnmroarm.

361 271 453 333 &usn
476 271 568 343 iuret,
591 276 623 330 tu
645 285 718 346 coge
741 268 846 337 duces,
866 277 901 331 tu
923 267 1029 346 collige
1052 271 1145 332 vires:
1228 274 1231 279 '

448 372 620 452 Opportuna
642 371 695 433 tibi
717 370 793 432 bella
816 379 916 449 perata
939 372 1035 433 vides:

362 474 519 551 lgnescunt
540 474 645 544 animi,
668 473 739 534 unit
761 472 938 534 inllammala
960 472 1109 543 iuventus,

309 597 347 638 ou
442 576 531 637 Utere
553 575 632 654 quod
654 581 762 654 praesto
785 582 829 636 est
850 593 974 655 quaequo
996 582 1098 654 parata
1119 576 1218 646 vides:

359 677 434 739 Olim
457 678 547 737 ardor
568 678 642 737 leret
663 679 718 737 iste
739 684 836 746 retro,
860 677 1045 755 flammaeque
1066 677 1223 758 tepebunt,

445 781 542 858 Seque
564 780 733 857 interposita
757 777 847 839 leniet
868 779 911 839 ira
934 796 1027 839 mora.

361 882 404 943 Ne
426 881 489 941 sino
511 880 615 947 dilabi,
639 881 718 941 iuxta
742 886 786 940 est
807 881 936 948 occasio,
961 879 1074 952 Caesar,

311 1003 349 1044 uas
445 983 510 1056 Qun
532 981 669 1061 propior,
693 982 799 1060 cupide
821 981 877 1041 lrnc
900 981 1068 1060 arripienda
1091 984 1201 1061 nrsgis;

360 1084 444 1158 Quod
466 1085 581 1146 ratione
603 1085 667 1162 geri
690 1085 762 1163 petit
783 1085 961 1163 omninoque
984 1085 1147 1162 gerendum
1170 1093 1230 1155 est,

416 1190 419 1197 '
447 1187 614 1247 Praesertim
637 1186 787 1247 instructis
809 1192 930 1265 prostat
951 1187 1033 1249 adire
1055 1187 1131 1247 cito:
1156 1208 1159 1212 ·

361 1289 435 1371 Nam
457 1289 483 1349 si
504 1286 581 1348 lenta
605 1295 669 1350 tuas
691 1287 837 1349 cunctatio
860 1287 981 1366 lregerit
1002 1289 1075 1354 iras.

311 1410 351 1450 sue
449 1390 533 1461 Quod
556 1389 685 1451 medium
707 1397 765 1458 est,
789 1388 905 1451 Venetis
927 1396 1044 1469 tempus
1065 1389 1172 1454 obesse
1193 1392 1296 1470 putas?

359 1493 542 1571 Principium
565 1498 609 1553 est
630 1490 688 1551 illis
710 1491 867 1569 reparandi
888 1491 947 1553 hnc
968 1501 1104 1572 tempore
1126 1491 1210 1563 belll;

443 1594 527 1654 lrrue
549 1611 637 1672 quam
661 1595 751 1653 uirtus
773 1593 897 1654 creverit
918 1594 972 1654 ista
994 1594 1091 1670 prins:

359 1694 505 1775 Tempora
528 1696 598 1756 daut
619 1693 704 1756 dilata
728 1696 805 1756 vices
828 1696 959 1773 citraque
981 1694 1113 1757 laborem

308 1816 347 1857 sao
443 1797 639 1875 Opprimitnr,
663 1816 731 1857 curn
753 1799 811 1858 iam
834 1784 977 1866 nascitur,
1002 1815 1090 1859 omne
1112 1797 1237 1860 malum:

359 1898 459 1977 Turpe
482 1907 526 1959 est
548 1904 626 1975 (oum
648 1901 753 1978 possis)
776 1900 902 1961 Venetos
925 1917 983 1959 non
1006 1901 1138 1969 vincere,
1161 1902 1247 1982 polus

443 2001 498 2061 llic
520 2001 583 2061 aliis
604 2003 628 2061 si
651 2007 679 2062 te
701 2001 802 2062 doside
825 2000 910 2062 cedat
931 2002 1043 2062 horror:

361 2102 432 2163 Nam
456 2102 512 2162 nisi
534 2109 564 2162 tu
588 2102 693 2171 iacias,
717 2103 772 2163 nisi
794 2109 822 2162 te
844 2102 920 2162 duce
941 2101 1016 2163 bella
1039 2111 1195 2180 gerantur,

309 2225 348 2265 on
442 2204 575 2264 Forsitan
598 2205 627 2265 in
650 2203 760 2282 populo
783 2205 833 2282 qui
855 2210 938 2281 gerat
959 2202 1033 2265 alter
1055 2205 1125 2266 erit:

362 2305 406 2366 lle
427 2307 490 2366 sine
512 2312 556 2376 te,
581 2306 692 2376 Caesar,
715 2307 825 2384 privari
847 2304 982 2366 laudibus
1004 2307 1066 2367 istis
1174 2337 1176 2340 >

444 2409 538 2486 Atque
561 2406 649 2468 alium
672 2406 799 2486 palmam
822 2407 1008 2486 proripuisse
1030 2405 1091 2469 tibi.

361 2511 421 2571 lam
445 2510 525 2570 ierus
546 2509 658 2569 ltaliam
681 2508 867 2570 successibus
889 2517 1014 2587 occupat
1036 2511 1126 2590 aequis

309 2632 347 2671 ou
443 2609 557 2680 Gallus,
581 2618 610 2671 et
630 2612 660 2671 in
683 2610 771 2671 laceri
794 2610 870 2689 pelle
892 2610 985 2671 leonis
1007 2607 1105 2680 orat(
1189 2602 1192 2607 ’

362 2713 398 2774 Et
420 2714 475 2773 nisi
498 2720 528 2772 tn
551 2714 665 2783 venias,
689 2713 743 2772 nisi
766 2720 795 2773 te
817 2714 1011 2773 intromittere
1035 2721 1145 2784 certes,

446 2814 498 2876 llle
519 2821 587 2876 tuos
608 2813 708 2875 titulos
731 2815 907 2893 nominaque
931 2813 979 2875 ille
1000 2813 1075 2875 tulit.

361 2919 391 2978 Si
414 2925 443 2978 te
465 2914 563 2977 nullus
585 2934 668 2978 amor
690 2917 792 2994 patriae
814 2922 909 2986 tenet,
933 2922 962 2978 et
984 2914 1036 2977 tibi
1057 2923 1176 2995 preestat

307 3039 346 3080 ote
442 3018 512 3080 Ocia
534 3021 684 3096 inexperta
708 3036 832 3097 carpere
853 3017 975 3089 duritie,

358 3244 442 3300 Causa
465 3244 551 3307 iuvat,
576 3251 604 3299 tn
628 3259 695 3318 coge
718 3242 813 3306 duces,
837 3250 867 3298 tu
888 3240 989 3316 collige
1011 3242 1096 3306 vires,

443 3327 600 3402 Opportuna
623 3327 672 3383 tibi
696 3326 765 3383 bella
788 3336 880 3402 parata
904 3326 990 3391 vides:

357 3412 420 3468 Iam
443 3412 495 3469 uisi
516 3420 548 3469 tu
571 3411 666 3474 iacias,
690 3412 742 3468 nisi
765 3420 791 3468 te
814 3413 881 3468 ‹luce
904 3411 974 3468 bella
996 3420 1141 3489 gerantur.

306 3513 345 3554 sut
443 3498 527 3553 Forte
547 3500 608 3570 quis
630 3497 656 3552 in
680 3497 796 3572 populo,
821 3497 866 3570 qul
886 3505 971 3568 paret
989 3498 1071 3567 illud,
1093 3498 1160 3555 erit:

361 3582 422 3637 Non
445 3583 503 3638 sinn
526 3591 567 3643 te.
593 3583 695 3644 Caesar,
719 3582 818 3656 privari
842 3580 968 3639 laudibus
990 3582 1052 3638 istis

444 3670 535 3741 Atque
557 3666 640 3723 alium
662 3665 777 3741 palmam
800 3667 976 3742 praeripuisse
1000 3666 1058 3723 tibi.

359 3750 412 3807 lam
435 3752 511 3807 ierus
533 3751 635 3808 ltaliam
659 3751 830 3821 successibus
852 3760 967 3827 occupat
988 3752 1074 3828 aequis

309 3852 348 3894 sus
444 3836 551 3901 Gallus,
575 3838 652 3892 etin
675 3837 755 3894 laceri
780 3836 851 3911 pelle
873 3835 961 3893 leonis
984 3845 1060 3900 ovat,

360 3921 392 3978 Et
414 3921 466 3978 nisi
490 3931 520 3978 tn
542 3923 646 3986 venias,
670 3920 721 3978 uisi
746 3928 772 3978 te
794 3925 969 3993 interponere
990 3931 1094 3984 certes,

442 4005 489 4063 lllo
513 4015 575 4064 tuos
599 4005 694 4064 titulos
717 4007 880 4080 nuntiusque
903 4006 948 4062 ille
969 4006 1051 4079 seret.

357 4091 385 4148 Si
409 4101 435 4148 to
457 4091 549 4149 nullus
571 4110 647 4148 amor
669 4091 764 4166 patriae
785 4099 875 4154 tenet.
899 4100 927 4148 et
950 4091 999 4148 tibi
1021 4098 1134 4167 praestat

308 4190 346 4233 ara
443 4177 505 4234 dcta
528 4178 667 4252 inexperta
689 4176 788 4250 clepere
809 4179 950 4245 amantio,

164 4308 364 4319 *uu—*v-

223 4370 257 4407 ὓ
273 4374 431 4442 Ignesount]
452 4377 557 4427 ardent.
610 4375 644 4408 ⁰³⁸
663 4377 750 4427 ooedst
768 4381 792 4427 2.
844 4374 877 4408 ⁶⁴¹
896 4377 984 4427 leonis
1003 4376 1111 4427 Veneti.

224 4454 258 4489 ⁸⁴¹
274 4456 382 4510 ltaliam
402 4463 425 4512 1.
477 4459 510 4493 ⁸⁷⁰
527 4461 649 4526 titulolq3
668 4466 690 4511 1.
