3270 5354
539 363 660 402 livrtutu
674 362 703 397 iii
717 361 831 397 LOBBIOE
846 362 1032 404 Qvnnnunnvu
1046 362 1130 396 Ltnnn
1145 362 1258 397 PBIHVE.

453 516 503 577 Vix
528 517 607 578 benit
629 517 713 577 nabis
736 536 769 577 re
791 518 946 597 quicquam
970 516 1154 578 scriberem
1178 515 1241 586 ilia;

500 690 506 699 ¹
537 619 575 680 Ut
597 620 704 697 rapiat,
728 621 838 697 patries
861 619 979 679 bussius
1001 618 1092 678 ambit
1114 637 1201 696 agros

453 719 630 798 iusidiasque
653 720 723 780 mibi
746 723 847 798 queris
870 719 1017 780 molimine
1040 721 1146 784 tendit.

401 841 425 880 rr
531 821 712 901 Exercetque
735 839 802 881 snas
825 823 853 881 in
876 821 951 882 mala
976 830 1073 882 nestra
1098 827 1209 882 r'nanuS.

452 923 523 984 Cum
548 923 618 984 mibi
640 942 698 983 nen
722 924 810 985 liceat
832 926 972 1004 praesenti
995 925 1110 1002 fungier
1134 942 1199 991 ere,

537 1025 599 1084 Vim
622 1043 729 1104 precor
752 1026 870 1102 ingenie
894 1045 950 1104 qua
975 1035 1058 1105 potes
1081 1026 1155 1085 adde
1179 1043 1259 1095 rnee;

452 1126 532 1185 britia
554 1128 627 1186 meis
650 1126 766 1205 pandus
789 1129 889 1205 quevis
912 1146 1049 1189 sermone
1073 1126 1215 1206 querelis.

399 1249 424 1288 aa
532 1228 718 1295 Carminibus
741 1230 809 1288 rivae
832 1246 958 1306 suggere
982 1232 1060 1290 rucis
1082 1237 1177 1307 opem.

450 1330 524 1390 Nota
547 1327 618 1388 mibi
641 1329 734 1389 docta
757 1332 825 1391 satis
848 1340 892 1392 est
914 1333 1048 1392 iaenmiia
1072 1331 1194 1410 lingum,

537 1430 643 1490 Netum
667 1440 712 1492 est
733 1452 820 1512 quam
843 1435 937 1512 pessis
960 1435 1056 1493 emnia
1080 1435 1135 1494 rite
1157 1433 1250 1514 loqui:

450 1534 512 1594 Nee
534 1533 657 1593 dubium
681 1540 725 1594 est
747 1535 816 1613 quin
839 1537 878 1595 sis
901 1542 1002 1596 nestro
1025 1537 1211 1613 prestantior
1234 1553 1300 1604 ore,

399 1657 424 1696 aa
534 1634 578 1695 'l'u
601 1637 738 1715 queniam
761 1634 851 1696 buida
866 1639 965 1698 -rineis
988 1638 1015 1697 in
1039 1636 1166 1717 eloquio.

382 1779 386 1789 .
448 1737 549 1798 Pande
571 1738 639 1798 duci
661 1739 849 1817 studiumque
871 1757 970 1800 meum
993 1747 1162 1819 sortemque
1184 1742 1345 1807 sinistram,

534 1839 632 1900 Lauda
656 1838 695 1899 iili
718 1847 852 1901 nostrum
875 1859 932 1920 qua
955 1841 1021 1902 licet
1045 1844 1209 1921 ingenium

449 1940 530 2005 anua
552 1943 626 2001 istuc
648 1960 761 2010 meres,
785 1949 814 2003 et
835 1951 943 2005 nostrae
965 1951 1116 2004 stemmata
1139 1947 1249 2021 gentis:

398 2064 424 2104 aa
531 2042 596 2103 Non
619 2042 740 2104 dubium
764 2052 808 2104 est
830 2047 901 2123 quin
924 2047 961 2106 sit
983 2045 1098 2106 mobilis
1120 2045 1169 2106 iile
1192 2045 1254 2107 tibi.

453 2145 489 2226 Ut
510 2152 608 2205 tamen
632 2145 820 2215 benefacias,
845 2155 946 2207 nostre
969 2151 1111 2209 movearis
1134 2167 1250 2217 amere,

537 2245 630 2316 Ouum
653 2249 710 2309 seis
733 2268 767 2310 ex
792 2251 889 2310 animo
912 2250 1043 2310 nonduin
1067 2249 1172 2311 abiisse
1195 2269 1269 2310 meo.

450 2348 491 2408 Te
514 2350 661 2429 quendam
685 2349 829 2411 Odrieoiae
851 2351 974 2411 muitum
999 2350 1117 2412 coluere
1140 2351 1258 2431 puellm.

304 2512 308 2521 ,
400 2472 425 2510 ru
534 2450 595 2511 Nee
616 2453 712 2512 minor
735 2454 764 2512 in
788 2453 873 2514 ne'bis
896 2455 1027 2514 concitus
1049 2453 1137 2514 artior
1160 2463 1237 2523 erat,

452 2553 553 2613 Frater
576 2570 657 2624 eraS,
681 2556 812 2622 memini,
838 2575 893 2634 qua
917 2575 964 2615 me
986 2573 1104 2633 queque
1126 2574 1197 2615 rece
1221 2554 1359 2621 rneabm.

533 2655 563 2715 Si
586 2674 699 2717 memor
722 2676 768 2725 es,
792 2656 890 2717 fratris
912 2665 942 2719 tu
965 2659 1106 2720 miserere
1128 2659 1178 2719 tui.

751 2827 902 2901 [Elepia
939 2829 1033 2904 ult]

632 2927 681 2976 AD
705 2927 923 2978 LVDOVICVM
946 2929 1149 2980 HVTTENVM

734 3033 874 3082 numeru
889 3035 1045 3075 avnarvn.

449 3131 544 3200 Musa,
570 3130 640 3191 mibi
662 3129 750 3210 louge
773 3150 922 3211 nunquam
946 3133 1059 3194 defessa
1081 3131 1198 3203 labore,
1251 3165 1253 3169 Α

534 3233 590 3293 Pru
613 3253 660 3294 me
682 3235 839 3313 quodquod
863 3253 937 3296 onus
959 3253 1023 3312 qum
1045 3237 1195 3312 pacienter
1217 3234 1294 3301 nbis,

449 3335 505 3394 Per
529 3343 570 3395 tut
593 3354 639 3396 me
662 3337 797 3407 morbos,
820 3355 875 3415 per
897 3344 939 3396 tot
960 3336 1051 3398 solata
1074 3336 1205 3407 laberer,

411 3456 423 3494 r
531 3437 591 3496 Una
615 3456 715 3498 eomes
737 3438 835 3499 multis
857 3456 934 3516 sepe
956 3438 1055 3499 relicta
1080 3438 1177 3510 maiis,

451 3538 549 3614 beuga
573 3540 679 3600 iterum
703 3540 857 3601 metuenda
880 3539 931 3601 tibi
957 3544 1007 3609 via,
1033 3549 1061 3602 et
1084 3543 1205 3611 erninuu
1229 3542 1328 3607 instat,

534 3641 643 3718 Perge,
668 3641 784 3702 decebit
807 3661 880 3703 nnus
903 3651 931 3703 te
955 3643 1077 3704 subiisse
1100 3662 1211 3711 meum,

450 3741 527 3801 Vade
550 3760 603 3820 per
625 3742 795 3805 Hereinium
818 3747 948 3823 protensi
971 3745 1098 3804 fluminis
1121 3744 1231 3810 Albim,
1330 3777 1334 3784 ·
1406 3743 1481 3782 “mr

1405 3785 1539 3827 rumonim

411 3864 424 3903 s
534 3844 623 3905 Cuius
645 3844 732 3906 babet
754 3845 839 3908 laevas
861 3846 960 3907 accola
983 3847 1078 3906 Saron
1102 3864 1208 3924 aquas,

448 3948 542 4024 Atque
565 3946 615 4007 ubi
637 3950 786 4010 transieris
808 3966 944 4026 magnam
966 3947 1114 4008 Brunenis
1135 3949 1172 4008 ad
1195 3947 1297 4008 urbem

532 4049 569 4110 Et
591 4068 659 4128 vaga
684 4050 855 4129 Brunsrigiu
877 4050 992 4112 subdita
1015 4067 1106 4127 regna
1129 4050 1212 4119 duci,

314 4183 333 4216 ²¹
354 4185 571 4250 quidquam2.3.
619 4185 746 4249 ²²iuiitit
760 4189 782 4235 1.
829 4183 852 4217 ’δ
869 4185 972 4248 ueritati
986 4190 1007 4235 1.
1055 4185 1187 4238 ²⁸uiurt.
1227 4183 1332 4237 ”tutte
1345 4187 1367 4233 1.
1409 4185 1501 4250 linunt
1516 4196 1542 4240 1.

247 4268 269 4300 ³⁹
288 4266 390 4334 Onne]
410 4271 655 4322 Franeefurtenses
673 4271 831 4321 Murcbieae.
884 4267 906 4301 ⁴²
924 4270 1007 4333 miitrt
1020 4273 1042 4319 1.
1060 4273 1108 4320 aed
1120 4272 1192 4319 Ilutt.
1207 4277 1231 4319 et
1249 4277 1307 4319 aete.
1321 4285 1407 4318 mimus
1424 4287 1498 4323 corr.

316 4354 383 4402 laud·
396 4354 474 4405 Hutt.
488 4357 645 4421 interempti
658 4357 771 4406 loannis
784 4360 900 4419 patrem,
919 4356 1225 4420 Frankenbergensium
1239 4355 1420 4403 Huttenorum
1433 4371 1542 4420 paren-

247 4445 311 4495 tem.
331 4440 364 4488 rie
384 4455 435 4503 quo
453 4441 479 4489 in
497 4442 621 4490 omnibus
640 4440 682 4488 bis
701 4440 882 4491 voluminibus
900 4456 974 4505 uaepe
993 4440 1159 4490 dictumest.
1214 4439 1221 4471 ¹
1240 4437 1286 4502 iliu
1301 4444 1321 4488 1.
1341 4441 1474 4490 miniatem
1490 4448 1542 4494 ud-

245 4525 381 4574 amu'bemta
398 4527 488 4573 rriirtu
505 4530 591 4576 littere
609 4526 646 4575 Μ.
707 4523 781 4588 ’qut
800 4528 823 4575 1.
888 4525 1027 4589 patienter
1045 4529 1069 4574 2.
1078 4528 1103 4574 3.
1157 4523 1339 4577 ³mttitnbui.
1358 4526 1541 4578 renitenter

246 4624 322 4658 merim
339 4625 382 4658 er.
396 4612 471 4657 metri
486 4625 563 4658 reaten
581 4624 649 4657 eurr.
664 4609 822 4667 metuende,
848 4608 969 4669 (edicitur
991 4614 1016 4659 in
1039 4611 1085 4659 bor
1101 4613 1225 4674 pirrraemn
1248 4614 1359 4674 propter
1377 4609 1541 4676 Lessinm);

248 4694 388 4744 metiuruin
407 4698 538 4756 (πονηρῶν
555 4694 579 4742 ii
585 4694 680 4756 'ratpert
694 4699 720 4741 et
731 4697 756 4743 2.
765 4697 791 4742 3.
843 4692 854 4723 ²
872 4695 1041 4758 Hercynium
1060 4698 1120 4744 Η.
1175 4693 1184 4719 ”
1203 4698 1272 4747 Ιειιασ
1292 4697 1315 4745 1.
