3270 5354
317 355 442 395 ΙΙΠΙΙΧ
454 358 492 399 ΑΒ
504 357 639 395 (multu
653 359 864 395 muratam
877 361 1100 398 EPIGRAUATV!
1113 362 1207 397 ulnus.
1333 331 1405 407 ²¹¹

317 512 354 573 lit
375 512 457 573 Latio
479 512 637 575 horribiles
657 514 860 585 Frideriehos,
883 534 958 594 quos
980 518 1055 577 ratio
1077 517 1137 594 egit

402 613 508 677 Ulcisci
531 615 636 677 infidos
659 618 801 695 sauguine
824 616 1000 677 Pontifices?

315 714 354 777 Ut
374 722 447 777 tunc
467 722 585 795 tempus
607 724 685 785 erat,
707 735 797 778 nemo
820 727 991 779 ornamenta
1014 716 1142 798 superba

277 835 303 877 n
400 816 553 879 Teutoniae
575 819 672 896 potuit
693 819 858 896 provehere
880 818 1018 887 ulterius;

314 916 409 980 Nemo
430 920 494 980 istis
516 917 622 979 melius
642 921 732 998 gessit
754 919 797 981 vel
821 939 894 999 psee
917 919 961 982 vel
984 921 1074 981 armis

398 1020 473 1083 Rem
496 1021 612 1099 patriae,
635 1039 723 1080 nemo
747 1021 850 1083 lortius
873 1039 954 1082 arma
978 1020 1051 1081 tulit.

314 1123 352 1182 At
372 1122 397 1182 si
418 1140 507 1203 quern
529 1121 676 1201 probitas,
700 1124 726 1182 si
748 1141 836 1200 quem
860 1125 956 1183 omnis
979 1124 1110 1184 criminis
1132 1142 1239 1203 expers

275 1244 302 1285 ao
400 1224 483 1299 neos
504 1223 627 1302 dignum
649 1226 745 1301 patrio
767 1225 871 1285 lecerit
892 1226 1032 1302 imperio,

313 1325 347 1387 Sl
368 1326 451 1404 cupis
472 1326 617 1386 innocuos
639 1344 738 1386 mores
760 1344 923 1405 pacemque
945 1327 1107 1405 iidemque,

397 1425 537 1489 Summus
560 1433 589 1487 et
608 1427 646 1486 ad
669 1434 768 1487 votum
791 1427 994 1489 llaxmlliauus
1017 1429 1086 1499 erit,

313 1526 408 1599 Quem
430 1545 527 1608 neque
549 1526 686 1589 mollities
708 1529 839 1606 possedit
860 1547 984 1608 queque
1007 1528 1140 1607 voluptas

274 1650 300 1690 aa
399 1628 562 1692 Terrarum
584 1629 709 1690 dominis
731 1629 853 1709 regibus
876 1649 940 1691 esse
962 1630 1050 1701 solet,

312 1730 349 1792 m
370 1732 419 1792 cui
441 1749 501 1793 non
524 1730 634 1811 placuit
655 1728 725 1793 luxu
749 1731 903 1809 indulgere
926 1734 1047 1811 supino:

397 1833 507 1913 Siqua
531 1832 597 1901 luit,
622 1850 772 1912 nunquam
796 1852 852 1910 pax
876 1834 977 1895 odiosa
1001 1833 1069 1903 iuit;

312 1932 465 1997 fflaccbris
487 1933 575 1995 nullis
597 1933 736 2012 nullaque
759 1933 881 1996 libidine
904 1936 1015 1995 tractus

272 2054 299 2097 aa
354 2032 360 2045 ‘
398 2035 496 2113 Defuit
517 2034 566 2097 ille
587 2034 659 2105 sibi,
683 2036 775 2096 deluit
798 2034 846 2096 ille
868 2036 930 2096 tibi.

309 2136 382 2209 Quis
403 2137 474 2198 uidit
496 2137 644 2198 madidum
667 2137 787 2218 myrrha
811 2139 943 2216 crispare
966 2136 1120 2216 capillum,

395 2238 467 2311 Quis
489 2240 559 2301 vidit
581 2241 672 2307 casia,
697 2240 762 2318 quis
785 2240 933 2301 maduisse
956 2240 1065 2300 eroco?

310 2341 436 2414 wando
459 2343 548 2404 armis
570 2344 720 2420 requiem,
744 2341 822 2402 liello
847 2343 964 2421 quando
988 2345 1052 2402 ocia
1076 2342 1199 2403 honesto

271 2463 297 2505 ss
395 2445 453 2505 Aut
474 2444 607 2520 trabeam
630 2445 725 2524 rigido
748 2442 875 2522 praetulit
898 2443 946 2506 ille
969 2446 1059 2520 sogol

309 2547 471 2607 Ateoutra
494 2547 662 2625 integritas,
687 2553 788 2606 contra
812 2554 855 2606 est
878 2544 1032 2606 clementia
1057 2548 1162 2617 uirtus,

393 2644 523 2727 Quoque
546 2655 624 2709 artes
644 2654 758 2708 tautum
782 2646 957 2726 percoluere
981 2649 1120 2708 animum.

310 2746 342 2808 Si
364 2750 439 2829 petis
461 2751 627 2827 ingenium,
651 2751 675 2809 si
699 2766 816 2826 nequa
840 2748 983 2808 industria
1007 2748 1098 2817 (lesit,

271 2865 298 2908 ss
397 2850 515 2927 Septem
539 2868 599 2911 uno
622 2848 736 2927 linguas
759 2848 807 2908 hic
830 2847 904 2909 solet
927 2867 979 2908 ore
1002 2849 1096 2929 loqui:

308 2948 338 3009 Si
361 2952 452 3029 petis,
475 2959 508 3011 ut
529 2953 654 3031 sumptis
677 2949 785 3011 bellum
810 2952 980 3029 experiatur
1004 2952 1032 3009 iu
1056 2951 1161 3019 armis,

393 3050 454 3112 lam
476 3054 537 3113 ruit
559 3055 587 3113 in
610 3051 725 3122 Gallos,
750 3054 806 3112 ism
831 3054 891 3112 ruit
912 3053 940 3110 iu
966 3052 1099 3110 l'euetos.

348 3293 391 3333 oa
412 3293 489 3334 nrvo
512 3294 722 3334 nsxrnrnmuo
747 3292 946 3333 rursnaronn
971 3289 1152 3330 canuameo

395 3368 663 3420 uvnovre1‘nno1s
687 3376 858 3419 cannosum
879 3374 1104 3417 unsrnsosrru.

306 3472 365 3524 Rex
383 3476 518 3526 invitaret
536 3477 672 3541 quendem
691 3477 725 3527 od
745 3477 875 3525 convivio
895 3474 991 3524 Gallus

389 3559 497 3625 Insigni
514 3562 646 3626 quosdam
664 3560 812 3610 nobilitate
831 3562 918 3621 viros,

304 3643 359 3706 Qui
377 3659 439 3694 eum
457 3644 491 3694 de
509 3646 596 3695 variis
614 3646 793 3710 loquerentur
810 3644 948 3709 Regibus,
967 3660 1036 3693 unus

275 3735 288 3775 4
382 3729 610 3789 ¹lloxrnilionaeos
628 3730 790 3779 extenuavit
807 3745 889 3795 opes,

303 3812 383 3863 Dixit
401 3820 510 3864 stesso
528 3815 690 3879 Argustana
708 3814 780 3864 hunc
799 3814 877 3863 modo
897 3813 1043 3862 Consulem
1063 3814 1091 3861 in
1110 3813 1190 3872 urbe,

389 3898 448 3949 Nee
466 3898 669 3949 formidandum
687 3899 811 3963 Regibus
830 3914 895 3963 ergo
915 3898 988 3947 aliis,

302 3980 358 4031 Serl
375 3996 438 4032 curn
456 3980 601 4033 cesareae
620 3984 660 4033 ito
678 3984 751 4034 vires
770 3984 916 4032 extenuari

273 4074 287 4116 t
389 4065 517 4121 Audiret.
537 4068 650 4133 sopiens
668 4068 728 4117 Rex
745 4064 903 4117 Ludovieus
923 4068 963 4114 ait

230 4174 234 4179 ·
303 4146 395 4201 ‘Certe
414 4166 466 4218 ego
486 4150 632 4203 Consulem
652 4167 713 4201 eum
732 4151 815 4200 nolim
835 4155 1023 4203 contemnere.
1044 4164 1160 4212 nomque
1179 4149 1204 4196 is

386 4235 546 4301 ‘Tympana
563 4237 588 4286 si
607 4235 712 4304 pulset,
734 4235 827 4290 Gallie
845 4241 905 4285 toto
923 4235 1025 4284 tremit.

166 4520 206 4575 1⁰.
235 4520 259 4557 ¹¹
276 4523 486 4575 Mutmilioous
504 4528 529 4573 4.
581 4523 604 4556 ²³
622 4524 757 4575 mollicies
776 4528 835 4574 Η.
888 4520 910 4553 ²⁸
929 4521 1133 4577 es.,llorat.0d.
1150 4520 1170 4569 l.
1187 4519 1233 4583 l‚c.
1290 4519 1312 4551 ²³
1330 4518 1392 4585 tibi]

119 4606 264 4659 mlo.

163 4692 206 4743 Ex
223 4690 337 4743 Gobler.
350 4691 368 4743 l.
383 4708 407 4743 e.
422 4692 471 4743 fol.
485 4690 525 4744 3¹³.
577 4692 588 4723 ⁶
606 4689 698 4758 Cous]
719 4693 933 4757 Borpermeister.

1099 4760 1163 4836 w
