3270 5354
328 386 452 423 ΙΠῘΙΙΙ
464 385 502 423 n>
512 386 647 423 (mulin
660 387 870 425 nummum
882 387 1105 425 neronum!
1117 387 1216 423 msmt.
1335 357 1408 429 249

327 540 413 605 Nunc
434 540 519 603 dolor
541 550 570 602 et
591 544 667 621 rapti
689 541 764 603 mala
787 542 952 621 desperatio
974 545 1057 623 regni

301 663 315 704 4
412 644 478 706 lieu
498 644 607 705 misero
631 652 748 723 vegetos
769 646 969 707 comminuere
991 644 1062 705 dies.

328 744 450 817 nsciis,
472 745 627 814 mortales,
651 743 742 807 rebus
762 747 904 825 praeferre
926 745 1044 807 caducis

412 848 502 929 Spem
523 846 641 926 longam
664 856 694 909 et
715 848 803 909 nullis
825 848 932 910 cedere
953 855 1058 928 sponte
1079 848 1173 909 malis.

248 1031 312 1093 110.
560 1035 609 1085 ΑΙ)
628 1035 747 1087 REGES
765 1035 973 1086 Trinannvm.

327 1154 386 1227 ou
406 1152 537 1223 Gallum,
560 1172 662 1232 reges,
685 1156 761 1216 vinei
783 1154 967 1235 Venetosque
989 1156 1104 1223 videtis,

411 1258 503 1319 inrito
525 1258 628 1319 moniti
650 1257 765 1318 Caesare
787 1256 894 1318 habete
916 1256 1002 1318 nihil:

327 1358 360 1420 si
381 1360 447 1439 quis
468 1360 547 1421 enim
570 1365 701 1421 vestrum
723 1366 835 1420 tantum
858 1361 1016 1421 irritaverit
1037 1360 1167 1433 hostem,

301 1479 315 1520 4
389 1456 477 1523 'Non
499 1462 607 1541 poterit
628 1463 749 1522 summis
772 1461 883 1522 viribus
904 1481 969 1523 esse
991 1462 1072 1523 satis:

327 1562 451 1625 llaxima
474 1581 523 1625 res
547 1561 705 1635 Venetnm,
728 1582 777 1625 res
798 1566 925 1625 maxima
948 1564 1058 1625 credita
1081 1565 1156 1627 Galli
1178 1570 1237 1632 est;

412 1666 506 1746 dique
528 1664 583 1727 hos
605 1666 778 1726 coniunctos
799 1664 915 1728 sustulit
937 1665 984 1727 ille
1006 1666 1101 1728 simul.

328 1766 388 1829 lam
410 1769 435 1829 si
457 1769 523 1848 quis
544 1769 669 1847 sumptis
690 1766 801 1829 bellurn
824 1770 990 1848 experietur
1013 1771 1043 1829 in
1065 1772 1167 1840 armis,

302 1888 316 1929 4
413 1868 537 1931 Frustra
559 1888 643 1950 spem
666 1888 731 1931 sera
754 1869 928 1932 collocatio
951 1872 1043 1932 venia.

250 2051 310 2110 Ill·
518 2059 568 2108 DE
585 2058 835 2109 nrnxnssnmno
854 2020 1018 2108 suenum.

327 2174 501 2238 (1444444444
523 2177 647 2256 gandete
671 2178 774 2247 urbes,
799 2177 947 2245 lnsubria,
972 2179 1080 2254 gaude,

412 2279 586 2357 aegrotare
608 2288 659 2341 tuo
681 2280 772 2341 libera
797 2281 872 2340 lacta
895 2280 970 2340 duci.

327 2381 465 2463 Respexit
486 2382 615 2443 Fortuna
639 2399 742 2461 graves
764 2384 900 2444 miserata
923 2381 1071 2461 querelas,

300 2504 314 2545 4
412 2480 498 2553 Quod
519 2484 667 2563 quondam
691 2483 851 2545 abstulerat
873 2486 1056 2564 restituitque
1078 2485 1199 2547 bonum.

327 2584 368 2646 lla
391 2586 505 2647 reniam
528 2587 635 2665 periise
657 2594 787 2664 patrem,
811 2587 1008 2665 complectere
1030 2596 1145 2657 natum,

412 2688 501 2767 Spem
525 2690 625 2766 patriae
648 2698 677 2749 et
698 2691 769 2749 tanti
792 2689 942 2769 relliquias
964 2692 1089 2766 generis.

326 2789 364 2850 At
385 2795 433 2858 tu,
457 2790 571 2852 interne
593 2808 716 2869 parens,
740 2792 795 2851 isto
818 2793 916 2870 gavise
938 2793 1103 2869 triumpho,

301 2908 314 2951 4
413 2889 485 2953 Eine
507 2892 665 2972 Sequanici
687 2895 816 2955 carceris
837 2892 1041 2974 opprobrium.

246 3070 307 3131 111.
436 3078 486 3129 nn
505 3079 682 3131 monnssv
701 3080 862 3132 44444444
881 3081 1097 3131 miramon.

327 3196 427 3261 Castra
449 3200 528 3279 quod
551 3199 690 3261 losnbres
712 3207 906 3280 penetrarunt
928 3201 1050 3261 Caesaris
1073 3201 1176 3269 nrbes,

410 3300 497 3371 Quod
519 3302 672 3372 Trebiam,
696 3303 774 3382 quod
797 3302 853 3361 iarn
877 3303 990 3363 transiit
1012 3301 1059 3364 ille
1082 3302 1209 3373 l'adum,

327 3401 404 3463 llota
427 3403 505 3483 quod
527 3403 618 3464 iratos
640 3404 736 3465 lrrudit
757 3406 913 3466 Germania
936 3405 1070 3475 lthaetos,

301 3524 314 3565 4
413 3506 494 3567 Saeva
517 3506 597 3584 quod
619 3508 647 3567 in
671 3507 784 3569 Latium
808 3514 962 3586 promovet
983 3526 1064 3569 arma
1088 3508 1196 3589 Lycus,

328 3606 442 3669 Franco
464 3608 543 3687 quod
566 3608 702 3671 Ausoniis
723 3627 755 3670 se
777 3611 901 3671 miscent
923 3610 1039 3686 agmina
1064 3612 1183 3678 turmis,

411 3709 482 3771 ltala
504 3711 679 3773 Teutonicas
702 3712 781 3792 quod
803 3712 880 3773 ridet
902 3730 953 3773 ora
976 3731 1096 3783 manus,

328 3794 393 3873 Non
415 3818 461 3880 tn,
484 3811 594 3882 Roma,
619 3815 701 3884 tium,
724 3833 827 3875 rerum
849 3817 948 3894 arripe
970 3814 1065 3876 laetius
1087 3832 1188 3875 omen:

300 3932 315 3973 4
412 3913 478 3975 Non
500 3915 556 3975 nisi
577 3916 628 3995 qui
651 3916 749 3977 nocuit
772 3916 893 3978 Caesaris
916 3936 997 3979 arma
1020 3920 1111 3978 timet.

190 4150 250 4207 im.
280 4150 384 4218 ⁸rapti
402 4150 492 4219 regni]
512 4152 583 4218 quod
601 4153 696 4203 fratris
714 4152 771 4204 lilio
790 4171 897 4206 veneno
915 4157 1059 4221 absumpto
1077 4161 1208 4221 rapuerat
1226 4156 1294 4220 ipse.

191 4238 250 4289 111.
282 4234 292 4271 ¹
310 4236 431 4289 04444444.
443 4240 503 4289 edd.
551 4239 589 4288 ol.
602 4239 690 4305 epigr.
703 4238 745 4289 86.
759 4256 784 4289 v.
798 4240 823 4290 6.
871 4239 882 4271 ⁴
901 4240 972 4291 abst.
986 4238 1061 4307 rest]
1075 4240 1282 4291 Maximilianus
1295 4246 1413 4291 exeunte

141 4356 152 4375 4
166 4322 240 4375 lam
253 4323 401 4375 restitutus
418 4322 513 4389 paullo
530 4327 592 4390 post
609 4327 697 4374 totam
709 4326 936 4391 Langobardiam
955 4330 1053 4376 eontra
1071 4341 1101 4377 se
1120 4340 1169 4375 444
1182 4324 1328 4389 tyrannide
1341 4327 1413 4375 exci-

141 4412 212 4461 111444
235 4408 343 4467 amisit,
365 4413 467 4474 praeter
485 4408 598 4460 Comum
619 4425 654 4460 ue
671 4411 833 4473 Novariam
859 4416 914 4460 tmn
932 4410 1073 4461 Triruleie
1096 4410 1168 4475 apud
1190 4409 1261 4459 hune
1285 4411 1413 4477 oppidum

141 4490 314 4545 -bflslrotiia
330 4492 441 4547 devicto
459 4493 496 4559 (d.
509 4492 534 4546 o.
547 4495 607 4545 lun.
621 4511 646 4546 a.
663 4496 748 4559 1513.)
767 4498 796 4546 in
814 4497 935 4562 petriam
952 4496 1048 4545 urbem
1060 4494 1179 4555 rediens,
1199 4510 1261 4545 eam
1273 4500 1335 4560 post
1346 4497 1414 4547 (1444

141 4592 221 4643 nes,
238 4582 273 4629 nt
288 4578 372 4644 paulo
391 4584 456 4631 ente
474 4580 603 4645 diximus,
621 4581 771 4633 novissime
785 4581 906 4646 reliquit.
970 4580 981 4613 ⁸
999 4578 1160 4646 Sequanici]
1182 4581 1362 4632 Lueeconsis.
1376 4582 1412 4632 ei.

141 4664 209 4731 pige.
223 4662 283 4716 loe.
297 4664 391 4715 adnot.
1282 4678 1286 4685 ·

190 4748 250 4803 na
281 4748 327 4803 Gi.
339 4751 427 4817 epigr.
440 4748 483 4803 93.
534 4750 545 4782 ³
563 4751 678 4803 Rhoeteo
695 4756 721 4803 2.
729 4756 756 4803 3.
763 4756 789 4804 l.
