3270 5354
337 386 460 427 ΙΠΤΙΙῘ
473 390 510 427 ΔΙ)
521 390 656 441 clem!
668 389 880 425 mettium!
892 387 1116 425 unumunurn
1128 389 1220 425 bren.
1343 358 1418 431 235

336 546 451 615 Erexit,
474 546 586 615 circum
608 546 722 605 attoniti
745 562 889 623 regesque
911 544 1059 623 ducesque
1467 516 1486 563 ⁸

312 668 324 709 r
422 648 497 711 Ante
519 665 621 725 vagam
643 648 738 709 maesti
760 653 838 708 stant
859 646 1030 725 hilaresque
1052 647 1153 715 deam;

336 750 387 813 illa
409 752 488 811 viros
508 750 617 811 durare
639 749 744 810 iubens
765 768 818 828 spe
840 747 950 810 mulcet
970 750 1064 817 inani,

418 850 596 930 Ambiguum
611 871 666 913 axe
681 869 802 913 movens
817 830 1101 929 orbenflteromque
1116 869 1251 919 mouens:

333 958 493 1017 Aeternum
516 954 585 1014 lacit
606 953 678 1025 boe,
701 972 757 1015 neo
778 953 874 1013 adbuc
896 960 994 1013 tamen
1014 951 1117 1030 implet
1138 951 1266 1023 hiantes,

308 1076 323 1119 e
421 1056 496 1119 Dum
517 1074 597 1135 sepe
618 1075 635 1117 a
656 1074 773 1117 summo
795 1063 888 1117 mutat
908 1054 945 1117 ad
968 1056 1025 1115 ima
1046 1053 1128 1125 loeo,

334 1158 410 1221 llum
432 1176 511 1220 nuno
532 1156 613 1220 alliot
634 1175 721 1236 opes,
745 1158 814 1218 dum
838 1175 917 1218 nune
938 1155 1081 1217 subvertit
1102 1155 1246 1227 bonores,

417 1260 494 1323 unm
516 1260 596 1321 louet
616 1261 780 1321 immeritos
801 1265 989 1337 attenuatque
1011 1257 1122 1329 bonos,

333 1363 469 1443 Dumque
490 1368 595 1424 onerat
616 1362 696 1423 ouria
717 1370 746 1422 et
767 1360 962 1422 sollicitudine
984 1369 1068 1421 vexat

294 1487 321 1529 η
419 1463 500 1529 llltra
522 1482 642 1549 omnem
664 1460 751 1524 fallax
773 1464 917 1541 expatiata
940 1463 1069 1523 modmu.

332 1568 383 1629 Sir
404 1574 502 1647 aptam
525 1574 623 1627 tamen
645 1584 710 1625 esse
732 1563 840 1644 aliquid
863 1582 1031 1644 numenque
1053 1572 1209 1644 putamus:

417 1668 504 1731 liuor
525 1669 623 1729 lucum
646 1667 755 1728 nostris
777 1665 881 1727 oblinit
902 1666 966 1727 baeu
987 1666 1089 1728 oeulis.

168 1850 200 1927 ἑ.
269 1884 317 1949 zo.
503 1890 553 1939 un
571 1888 801 1940 runonns'rm
819 1886 1055 1938 veneronum.
1159 1933 1162 1941 .

168 2001 204 2095 ,ζ’
279 2028 285 2035 ·
333 2010 479 2071 Gonoessa
502 2016 547 2069 est
568 2008 686 2069 Venetis
708 2008 810 2070 elberto
833 2007 915 2085 eopia
939 2025 1047 2078 cornu,

168 2104 176 2143 ¹
287 2088 302 2111 ⁸
417 2108 572 2172 l‘lausibus
593 2110 741 2188 extemplo
763 2109 925 2188 lmticiaque
946 2109 1090 2171 fremunt:

169 2210 172 2217 ’
221 2210 228 2221 ’
333 2208 456 2275 (Σηπία
477 2230 558 2273 arma
581 2212 648 2290 agili
671 2214 766 2291 siquid
789 2213 919 2273 Fortuna
942 2219 1039 2273 rotatu

305 2332 320 2375 r
367 2320 370 2325 '
418 2312 535 2385 Erexit,
558 2312 676 2394 planctu
701 2315 877 2395 tristitiaque
899 2316 1003 2376 iacent.

332 2415 526 2497 usqueadeo
549 2416 678 2479 Fortuna
701 2416 772 2477 nibil
795 2415 974 2479 moderabile
996 2417 1100 2479 suadet

416 2516 588 2597 Oblitosque
609 2520 670 2589 soi,
694 2537 768 2598 quos
790 2520 880 2598 regit,
904 2536 969 2580 esse
991 2519 1067 2581 lacit.

197 2799 201 2808 ,
267 2734 316 2799 tt
379 2782 390 2803 .
636 2739 686 2788 An
704 2739 913 2791 ronrvumr.

322 2846 425 2933 'Quem
448 2862 553 2928 dorem,
576 2859 724 2928 Fortuna,
746 2860 820 2921 lacis
840 2859 959 2937 ludique
982 2862 1098 2939 iooiuue

416 2962 473 3023 dot
496 2962 604 3021 ruriam
627 2960 767 3022 innubis
789 2980 847 3041 qua
869 2963 949 3022 iuvat
971 2980 1036 3022 esse
1058 2962 1163 3021 tenus?

331 3066 405 3127 Cum
427 3081 594 3144 premeres,
617 3064 677 3124 imo
699 3062 828 3125 Venetos
850 3070 879 3125 et
901 3064 930 3123 in
952 3082 1006 3123 ano
1028 3061 1158 3132 locares,

305 3186 317 3227 ι
416 3166 547 3229 Vidimus
568 3168 685 3245 imperii
706 3166 882 3227 luxuriantis
904 3183 991 3244 opes:

329 3268 467 3331 llesillia
488 3286 607 3330 rursum
631 3268 702 3329 lacis
724 3277 756 3331 ut
779 3269 928 3346 contingat
950 3265 1067 3329 abunde

414 3372 618 3452 Praecipitique
640 3370 719 3434 leues
741 3374 856 3435 Caesare
879 3371 915 3431 ad
938 3369 996 3431 alta
1019 3387 1118 3437 vooas;

285 3474 289 3489 ²
330 3474 486 3537 Conversis
508 3474 614 3537 iterum
638 3474 728 3535 radiis
749 3481 859 3535 mutata
882 3478 1004 3552 repente

304 3596 318 3635 o
416 3576 491 3639 Rem
513 3582 645 3637 nostram
667 3584 697 3637 et
718 3577 815 3638 laetum
839 3576 976 3656 provehis
998 3574 1164 3654 imperium.

330 3678 415 3750 Quod
438 3676 506 3739 licet
527 3676 663 3739 adrolras
686 3678 850 3740 vehementi
873 3680 940 3739 nina
963 3684 1076 3746 rotatu,

414 3780 481 3858 lpse
502 3785 600 3841 tanien
624 3779 713 3841 didici
735 3800 795 3841 non
817 3781 869 3842 tibi
892 3782 1003 3843 babere
1026 3781 1130 3849 iidem,

328 3880 366 3943 n
387 3881 470 3944 rideo
493 3887 611 3942 nostras
633 3884 709 3943 inter
731 3902 779 3944 res
801 3884 871 3963 quid
893 3886 930 3945 sit
952 3893 980 3943 ot
1002 3882 1080 3951 illas,

291 4002 316 4043 n
415 3984 498 4056 Quod
522 4002 591 4053 nos,
614 3992 647 4045 ut
668 3986 786 4063 cupias,
811 4004 869 4045 nou
892 3988 1005 4046 variare
1030 3996 1129 4064 potes:

329 4085 442 4163 Nempe
465 4104 535 4147 usus
556 4104 658 4147 rerum
681 4086 767 4148 nobis
791 4088 961 4165 patientior,
985 4086 1026 4159 illi

412 4189 527 4249 dssuuti
550 4206 617 4249 uum
639 4190 696 4249 sint
720 4190 810 4249 tristia
834 4190 913 4250 serre
936 4190 1048 4257 minus;

327 4290 358 4349 Si
379 4290 427 4349 eui
450 4308 498 4350 res
520 4290 608 4367 igitur
630 4291 716 4351 nimis
738 4292 879 4351 adluxere
902 4292 1055 4359 seconde,

290 4410 313 4452 m
413 4390 523 4452 Ordine
546 4399 672 4452 undenas
693 4394 799 4470 eogrius
822 4391 869 4453 ille
894 4394 976 4453 leret.

127 4560 322 4571 *ιι-

188 4660 230 4713 lb.
262 4659 270 4694 ¹
292 4660 399 4727 efferto]
419 4663 542 4728 impleto.
562 4665 711 4713 Plautinum.
765 4664 775 4695 ²
795 4664 947 4729 laetitiaque
967 4667 991 4713 d.

187 4744 229 4797 lb.
257 4745 326 4799 ’ut
344 4748 375 4798 in
392 4749 502 4814 piotnru
520 4749 663 4812 superiori.
719 4750 801 4799 immo
819 4750 880 4812 up)
932 4749 1055 4799 timeum
1075 4753 1100 4799 1.
