3270 5354
528 375 632 411 RLEGIA
644 376 669 410 Χ.
689 376 893 414 teucrorum.

269 529 345 607 Ergo
369 549 424 607 ego
447 549 512 590 sum
536 548 663 609 pauper,
685 534 824 611 quioniam
848 533 904 593 boc
927 534 1071 595 ditescere
1095 538 1186 596 risum

222 628 225 634 ’
353 636 388 696 ur
409 635 547 711 quioniam
571 633 633 693 lreae
656 652 731 694 verm
753 643 821 694 sunt
842 634 912 694 mibi
935 617 1052 704 divitior}

267 748 362 822 litque
383 738 450 799 ideo
472 753 573 796 versor
595 734 653 795 luto
677 750 765 812 rugus
789 735 854 796 exul
877 737 905 795 in
929 737 1001 799 urbe

229 864 254 904 n
350 840 434 914 Quod
459 839 574 915 cupiam
597 839 626 896 iu
650 835 726 897 culte
749 837 920 917 splendidus
943 857 1007 900 esse
1030 839 1126 900 domo.

267 944 346 1007 Belle
370 943 473 1021 uliquis
495 939 604 1000 sentire
628 938 683 998 boe
706 958 752 998 me
774 941 888 1000 ratione
910 940 1065 1019 probabit3

351 1043 501 1123 Improbat
523 1050 552 1101 et
574 1049 702 1120 creptum
723 1040 843 1102 Loesius
865 1041 926 1102 odit
947 1061 1039 1121 opus,
1242 1043 1247 1128 l
1264 1045 1350 1122 {illm

267 1151 301 1210 Et
323 1157 435 1210 tuntum
458 1145 599 1204 rnrmsisse
622 1142 701 1202 clenti
725 1143 801 1204 bene
823 1145 920 1204 vivere
942 1152 1056 1211 censet.

228 1273 266 1313 eu
348 1252 421 1311 Dum
444 1254 556 1308 saturet
578 1247 665 1305 variis
686 1254 805 1323 pectere
829 1246 954 1315 deliciis,

265 1354 340 1414 Dum
362 1352 496 1429 seqnitur
518 1350 626 1428 patrias
649 1355 787 1425 corrupta
812 1348 908 1408 lruote
930 1347 1061 1426 puellas,

349 1454 424 1514 Dum
445 1452 517 1511 lucit
538 1453 568 1511 in
592 1450 694 1509 doctos
716 1450 918 1528 innocuosque
940 1452 1047 1520 viros„

266 1555 301 1617 Et
323 1553 402 1614 solus
424 1552 480 1612 dici
503 1552 582 1631 cupit
604 1553 658 1610 ista
681 1550 784 1610 doctor
806 1552 834 1610 in
858 1550 947 1620 urbe,
1200 1552 1350 1631 ssffifffimf

226 1679 251 1718 ur
346 1654 426 1725 Quos
447 1651 546 1713 titulos
568 1651 649 1713 nullo
672 1659 766 1730 gestet
787 1652 900 1713 bonore
922 1660 1035 1724 nmen,
1112 1655 1115 1660 '

264 1756 420 1818 Mobilibus
441 1753 566 1834 plateriis
587 1753 740 1833 longeque
763 1753 927 1814 simillimus
949 1774 1038 1827 orno,

348 1859 419 1930 Quae
441 1874 518 1934 stepo
540 1875 557 1915 u
580 1855 689 1933 rapidis
712 1855 821 1916 decidit
842 1858 897 1916 icta
920 1859 1013 1927 notis',

262 1963 347 2021 Sorte
369 1978 423 2019 sua
445 1958 553 2034 gaudet
575 1957 777 2036 tumiDumque
801 1979 817 2018 e
839 1966 960 2037 pectore
983 1961 1062 2021 tirus

223 2084 248 2122 ur
343 2059 408 2121 Non
431 2061 513 2119 timet
534 2060 563 2118 in
586 2059 710 2138 quodvis
733 2051 883 2120 execuisse
905 2058 1017 2121 scelus:

264 2164 328 2224 Non
351 2164 457 2222 mirum
481 2168 526 2222 est
548 2162 637 2239 igitur
659 2161 683 2221 si
705 2180 753 2221 me
775 2160 925 2223 riolurerit
947 2160 1012 2232 illo,

345 2263 408 2333 Quo
430 2261 509 2342 suine
530 2262 696 2323 immundas
719 2262 822 2340 polluit
844 2271 910 2323 ante
933 2283 1053 2330 munus:

261 2367 321 2428 Nee
344 2368 451 2426 mirum
471 2373 518 2426 cst
540 2365 604 2444 quia
628 2367 670 2424 sic
692 2366 799 2432 cecidi,
823 2367 889 2444 quia
912 2368 994 2426 lusus
1017 2366 1052 2426 ad
1076 2368 1165 2428 imum

223 2490 246 2529 or
343 2467 494 2528 Dissimilis
516 2466 615 2530 videor
638 2467 763 2526 numinis
785 2485 848 2529 esse
872 2468 943 2539 mei:

261 2570 324 2650 lpse
347 2589 415 2630 suas
438 2569 567 2630 Fortuna
590 2575 670 2629 rotas
692 2587 747 2647 pro
768 2577 904 2648 tempore
927 2577 1040 2630 versat.
1184 2572 1343 2652 32‘323053333

345 2671 380 2731 Et
401 2670 512 2732 leu'bus
535 2679 650 2732 nostrus
673 2670 776 2731 axibus
799 2671 997 2750 ambitores,
1221 2666 1238 2685 ”

260 2774 308 2833 lus
331 2771 369 2833 illi
392 2773 471 2851 quod
494 2776 576 2834 triste
599 2771 678 2842 velit,
703 2773 781 2852 quod
803 2780 904 2851 poscat
926 2793 1071 2860 snroruum

220 2896 246 2935 os
341 2874 481 2943 Efficere,
505 2881 534 2934 et
556 2874 660 2934 dubius
682 2873 789 2952 detque
813 2877 947 2954 repitque
971 2877 1062 2944 rices;

257 2977 406 3055 Nusquam
430 2977 513 3036 lirma
536 2974 617 3045 loco,
642 2993 696 3035 nee
719 2977 822 3037 eodem
846 2979 961 3053 cognitu
986 2976 1079 3041 vultu.

343 3077 467 3138 luilrriru
490 3086 518 3137 ct
541 3079 646 3155 insigni
668 3076 827 3138 mobilitate
849 3076 920 3138 loris

256 3180 341 3240 Nunc
365 3179 441 3250 ridet
461 3181 583 3238 durorae
605 3179 710 3238 nitidos
732 3179 890 3239 oscendere
913 3197 1035 3249 eumue,

219 3301 243 3341 re
338 3280 423 3340 Nunc
446 3278 523 3339 videt
545 3280 680 3339 occiduus
703 3280 764 3339 bree
787 3280 976 3340 phaethontis
998 3300 1097 3362 aqrras.

256 3384 320 3443 Non
344 3383 441 3461 eliqua
463 3389 559 3441 minen
582 3381 637 3442 bos
659 3389 755 3441 rnotus
778 3383 890 3442 ratione
913 3382 1072 3459 gubernat,
1233 3385 1340 3469 (ruituri.

340 3485 444 3544 Dmnio
468 3483 594 3544 femineo
617 3485 698 3561 potiit
721 3485 749 3543 iu
772 3483 909 3552 urlritrio;

255 3586 353 3657 Falsa,
377 3588 481 3664 lugeri,
505 3584 684 3653 truculento,
709 3585 794 3653 levis,
820 3603 906 3663 rugo,
930 3587 1062 3659 turbido,
1087 3609 1203 3669 pugnax

217 3711 241 3749 ro
336 3688 451 3755 Miscet,
475 3689 548 3766 ugit,
573 3695 686 3757 censet,
710 3690 838 3765 proruit,
862 3689 936 3759 odit,
959 3699 1053 3760 amum
1086 3684 1091 3693 ’

255 3789 354 3869 Fregit
376 3808 447 3868 opes
468 3790 597 3851 Fortuna
620 3808 701 3850 meas
723 3792 910 3871 animumque
934 3792 1067 3871 reliquit:

338 3891 429 3953 Vellet
452 3900 480 3952 et
502 3893 580 3952 bunc
603 3892 728 3955 tractum
750 3893 869 3954 Loesius
891 3912 955 3955 esse
978 3895 1057 3955 mibi.
1131 3872 1136 3881 ⁸

55 3979 254 3989 ——-—

119 4027 141 4061 ¹‘
158 4034 197 4094 tm
209 4033 232 4079 1.
252 4028 295 4079 irre
308 4033 368 4079 23.
403 4031 492 4081 neret.
525 4029 616 4081 oiuitit
629 4032 651 4078 1.
688 4027 710 4060 ⁴⁸
723 4027 764 4079 tir
779 4033 801 4078 1.
817 4030 886 4079 litate
899 4031 973 4079 uertit
986 4033 1010 4079 2.
1046 4029 1171 4095 ²⁰ctutum
1188 4038 1210 4086 1,
1242 4034 1338 4101 j'rpta·
1395 4093 1397 4096 y
1426 4001 1434 4020 ι

50 4112 134 4179 tuuis]
150 4114 352 4164 Themistocles
366 4112 499 4179 „platano
515 4110 612 4178 [ὃρυσί
622 4111 909 4179 Aetian.l⁷ur.lX.18.]
925 4130 986 4164 sese
1000 4117 1180 4180 conparabut,
1194 4118 1244 4167 sub
1259 4135 1337 4188 quain

51 4199 213 4264 confugiunt
226 4199 349 4249 homiues
362 4203 424 4249 orte
436 4203 615 4262 tempestet03
635 4198 742 4248 redditu
760 4200 911 4249 serenitate
924 4201 1185 4264 praetergredientes
1199 4202 1266 4255 lolio
1279 4207 1337 4256 eius

50 4284 187 4348 stringunt
205 4283 346 4349 ipsumque
365 4283 491 4332 dicteriis
504 4284 670 4334 incessunt''.
690 4284 818 4333 Plutared.
833 4284 963 4349 apopbtb.
981 4284 1035 4333 185.
1050 4286 1155 4346 (lleisk.
1166 4288 1212 4337 VI.
1226 4295 1252 4354 p.
1267 4290 1336 4349 701.)

51 4367 94 4417 Ci.
109 4369 194 4419 eiusd.
208 4368 387 4417 Titemistocl.
401 4384 425 4417 c.
441 4366 479 4416 18.
503 4369 599 4430 Veryit.
612 4383 706 4432 georg.
720 4368 756 4416 IL
770 4366 811 4418 70.
831 4370 886 4429 ..ut
903 4368 1013 4418 steriles
1031 4369 1138 4434 platani
1157 4374 1199 4423 ..''.
1219 4373 1262 4423 Id.
1276 4376 1334 4426 cod.

50 4452 87 4500 ll.
101 4451 127 4501 ll
138 4453 157 4502 l.
179 4453 365 4514 ,.Neseuutur‚
385 4451 495 4502 steriles
513 4452 619 4501 saxosis
637 4452 774 4502 montibus
793 4454 878 4501 orni‘’.
932 4455 1032 4518 inunum
1045 4459 1068 4503 1.
1086 4457 1334 4515 scillitanorum.

49 4549 161 4586 mcorr.
221 4535 242 4568 ⁵⁸
260 4536 321 4589 Θιιε
339 4537 388 4601 [tur
408 4541 430 4586 1.
494 4534 516 4567 ⁸²
534 4536 583 4600 [tue
602 4541 624 4585 1.
689 4535 800 4599 ffisslttd
816 4536 896 4600 sottus
914 4540 936 4586 Ι.
1002 4539 1045 4589 Cf.
1059 4539 1160 4606 dialog.
1175 4542 1333 4596 Fortrmum.

48 4619 136 4687 milli]
152 4621 282 4671 Fortunas
329 4634 460 4675 umectum:
476 4625 500 4671 1.
545 4619 566 4652 ⁷¹
581 4621 750 4670 nriseendero
764 4637 857 4672 errrsus
871 4627 895 4672 2.
904 4627 929 4673 3.
947 4634 1112 4689 perpurum.=
1141 4625 1336 4680 ⁷²Pboetoutis

51 4709 73 4754 1.
83 4709 108 4754 3.
128 4705 171 4755 Cl.
186 4706 378 4772 inspicientes.
425 4704 446 4736 ⁷³
465 4703 593 4770 l'ulelne]
616 4708 682 4767 Hoc,
701 4714 727 4755 ut
741 4709 802 4769 fieri
811 4707 917 4771 solebat,
931 4709 963 4757 od
975 4713 1061 4775 operio
1073 4713 1214 4777 adpositum
1226 4716 1333 4767 vitietur.
