3270 5354
163 333 237 405 244
363 363 485 417 anunm
497 363 534 398 AD
547 363 680 399 GBMREI(
693 362 905 399 ΙΔΧΙΠΙΜΔΠΙ
917 361 1139 397 RPlGBAssATV!
1152 362 1245 396 bran.

363 518 475 599 Nempe
496 518 575 597 qnod
597 516 729 578 antetulit
750 516 912 596 tranquillis
934 516 1049 579 turbida
1073 515 1162 578 rebus

448 621 544 700 Supra
566 620 700 698 Aquilam
722 612 826 699 pennis
848 637 936 681 ausus
958 618 1041 679 abire
1062 613 1132 680 suis.

365 724 503 784 Senserat
523 721 571 783 illa
594 721 677 783 ‹lolos
700 730 816 783 etcum
840 722 898 784 iam
921 720 1011 783 m'ulta
1032 719 1160 790 tulisset,

337 844 350 885 a
448 824 540 904 Rapta
563 823 705 884 lacessitis
727 823 875 902 unguibus
897 842 983 884 arma·
1000 823 1073 884 tulit.

363 926 499 1005 Quisquis
521 925 631 986 babere
653 926 766 986 hostem
789 925 898 985 mamlt
918 944 1007 1005 quem
1028 933 1128 1003 posset
1149 927 1290 992 amicum,

447 1028 477 1088 Si
500 1037 567 1089 ruat
587 1027 648 1096 bic,
673 1027 751 1088 dieas
773 1029 870 1089 omnia
894 1027 980 1105 digna
1002 1028 1072 1105 pati.

301 1279 350 1359 96.
374 1284 422 1332 DE
444 1279 687 1342 TEMPESTATE
711 1281 817 1332 AERIS
840 1281 1180 1361 TVRBVLENTISSIMA
1203 1281 1241 1332 IN

382 1368 582 1419 GALLORVM
599 1367 697 1418 FVGA
713 1368 785 1418 PER
803 1367 1013 1418 VNIVERSAM
1030 1366 1229 1418 lusvnntnn

472 1456 476 1462 ’
754 1453 861 1503 ORTA.

365 1573 448 1634 Nune
472 1588 526 1650 ege
550 1581 577 1633 te
599 1571 693 1633 solnm
717 1570 805 1634 Gallis
827 1572 980 1634 intendere
1003 1571 1104 1634 vellem

375 1718 378 1725 ι
449 1675 681 1753 Consortemque
703 1676 754 1735 irae
777 1692 835 1734 unu
858 1673 995 1735 babuime
1017 1682 1088 1743 tna,

365 1776 449 1837 Nunc
472 1795 526 1855 ego
548 1785 577 1838 te
600 1775 703 1838 vellem
726 1775 865 1854 fugientia
888 1777 918 1835 in
941 1757 1071 1853 agninae
1096 1777 1209 1845 Caesar,

338 1899 352 1939 r
449 1879 514 1939 Nun
537 1861 591 1940 nisi
614 1878 761 1939 mortaleis
784 1879 933 1940 exeruisse
955 1896 1067 1939 manns.

365 1980 497 2060 Namque
519 1981 570 2043 ubi
593 1980 670 2042 lenta
693 1989 750 2041 tuae
772 1982 831 2042 risa
855 1988 899 2042 est
921 1979 1075 2052 clementia
1096 1981 1192 2059 pacis,

334 2113 338 2121 ·
451 2083 558 2143 [ratum
583 2081 672 2145 Gallis
694 2084 839 2144 sensimus
862 2101 926 2171 esse
948 2080 1063 2143 luretn:

365 2184 435 2263 lgne
458 2187 546 2245 micat
568 2184 690 2254 celum,
714 2185 885 2262 quatiuntur
908 2183 1028 2246 fulmine
1051 2193 1181 2273 montes,

339 2306 352 2348 a
449 2286 482 2347 ln
505 2294 564 2347 sata
588 2293 745 2366 tempestas
766 2286 829 2347 baee
852 2286 922 2346 lurit
943 2288 1033 2366 inque
1055 2287 1175 2356 domins,

366 2389 510 2450 Horridus
533 2392 554 2451 it
576 2391 663 2462 terris
686 2388 814 2468 lapidosa
838 2389 980 2467 grandine
1002 2389 1133 2459 nimbus,

450 2490 571 2571 Ouaque
595 2490 635 2553 illi
657 2491 787 2568 lugiunt,
811 2492 908 2552 omnia
926 2486 1036 2553 'uentus
1058 2493 1125 2571 agit.

366 2590 476 2654 Vellem
500 2612 574 2673 qnos
597 2593 694 2654 decuit
717 2592 760 2653 vel
783 2595 832 2672 qui
854 2580 991 2654 meruere
1013 2595 1158 2672 perissent

327 2715 351 2755 m
420 2740 423 2747 .
452 2695 507 2755 Ant
529 2694 631 2755 saltem
653 2695 757 2775 dignos
779 2694 922 2775 plecteret
939 2697 996 2782 ista
1019 2694 1096 2757 lues:

366 2796 450 2857 Nune
473 2796 579 2875 passim
603 2796 717 2859 Italicas
739 2798 897 2859 immiscuit
919 2795 967 2858 illa
990 2799 1107 2868 ruinas,

451 2898 487 2959 llt
508 2900 604 2960 socios
625 2917 719 2978 prenae
742 2897 816 2961 Galli
839 2899 970 2961 habuere
991 2917 1062 2960 suae.

328 2987 333 2997 ’
366 2999 437 3068 Per,
460 3000 575 3071 Titine,
597 3008 678 3072 tuos,
701 3019 755 3079 per
777 3019 851 3080 quos
872 3008 952 3062 serat
973 3001 1075 3063 Abdua
1098 3020 1232 3080 campos,

329 3121 353 3163 m
451 3101 554 3180 lugere
578 3120 631 3180 per
653 3102 767 3164 Trebiae
789 3105 899 3164 consita
922 3120 1034 3183 perque
1057 3104 1136 3164 Pado

366 3203 464 3265 lmbre
486 3205 562 3265 iacet
584 3211 704 3265 enntusa
727 3222 825 3284 seges,
849 3223 905 3265 nee
927 3205 1076 3291 grandinis
1097 3204 1184 3266 buius

450 3306 582 3386 impetus
604 3307 747 3383 innocuus
769 3307 904 3385 frugibus
926 3306 975 3368 ille
998 3307 1060 3369 luit.
1133 3341 1138 3349 ·

367 3409 500 3470 Constitit
521 3407 578 3469 boe
601 3411 673 3470 tanti
695 3408 867 3471 sceleratam
890 3409 1038 3488 expellere
1060 3418 1191 3487 gentem,

327 3530 354 3570 m
452 3509 513 3572 Nee
535 3512 598 3571 sine
620 3514 768 3572 communi
791 3518 836 3572 est
857 3529 942 3591 poena
965 3520 1081 3590 reperta
1105 3510 1190 3572 malo.

367 3612 451 3684 Quod
468 3619 564 3673 tamen
580 3612 610 3673 bi
625 3614 739 3690 lugiunt
753 3613 890 3692 quodque
905 3612 951 3672 his
966 3613 1135 3689 regionibns
1150 3614 1272 3679 absunt,

452 3716 523 3788 Quae
544 3715 611 3776 data
634 3723 702 3775 sunt
724 3714 809 3776 iaciet
831 3715 937 3776 damna
960 3714 1083 3776 dolenda
1106 3717 1217 3777 minus:

368 3814 441 3876 Nam
464 3835 559 3897 neque
582 3835 662 3878 nune
683 3834 782 3878 sacras
804 3819 957 3897 quisquam
980 3835 1011 3878 se
1034 3817 1160 3879 armabit
1175 3819 1203 3879 in
1220 3818 1299 3879 aedes

330 3938 356 3978 rr
441 3919 492 3984 ,Et
514 3917 616 3998 spoliis
636 3920 716 3997 ipsos
738 3920 836 3980 saeviet
857 3927 924 3982 ante
947 3920 1031 3990 deos,

369 4020 457 4082 Foeda
481 4039 536 4081 nee
558 4022 689 4100 innuptis
711 4028 878 4082 metuentur
899 4029 1000 4100 stupra
1023 4021 1129 4100 puellis

452 4123 654 4204 Ser-urumque
676 4131 811 4202 prement
833 4123 950 4184 immina
973 4124 1076 4202 virque
1098 4124 1226 4186 thorum.

368 4224 443 4285 Turn
466 4226 533 4304 quia
555 4232 587 4284 tu
609 4242 723 4304 pugnas
745 4226 908 4303 iustamque
932 4228 1050 4305 exurgis
1071 4228 1100 4285 in
1123 4229 1213 4296 iram,

328 4345 354 4389 rs
453 4326 517 4387 Non
541 4324 616 4388 ultra
640 4328 666 4388 in
691 4326 787 4388 Gallos
809 4329 906 4389 saeviet
926 4329 969 4388 ira
992 4325 1075 4389 loris.

168 4500 369 4508 *a

234 4617 276 4669 ad.
307 4619 349 4669 Cl.
364 4617 449 4684 epigr.
464 4615 520 4670 108.
568 4617 858 4688 Hoeqnnqueomla.3.
905 4615 1134 4677 ‘mortalenm
1181 4617 1340 4690 ⁵Nanqjt.
1378 4622 1450 4677 ¹⁹Cl.

168 4702 251 4769 Verg.
264 4703 331 4752 Aen.
346 4704 367 4754 1.
380 4701 423 4753 33.
474 4702 496 4735 ²⁷
514 4701 553 4770 tn]
573 4706 608 4754 ad
626 4705 772 4758 Caesarem.
824 4708 847 4741 ’Β
864 4711 964 4760 saeviat
981 4713 1007 4759 2.
1015 4713 1039 4760 4.
