3270 5354
477 874 642 938 HVTTENl
664 874 831 936 vtuttnttt
855 869 1118 935 lNGRElllENTlS

716 992 875 1044 CARMEN.

407 1096 523 1160 Ulricus
544 1096 689 1157 liuttenus
711 1097 886 1176 peregrinus
908 1093 1048 1155 Viennam
1071 1091 1185 1153 salutat.

356 1250 436 1311 Pone
457 1250 618 1329 pererratis
640 1257 712 1327 quot
734 1247 823 1309 habet
845 1247 1001 1309 Germania
1024 1254 1118 1307 terras

439 1351 476 1413 Et
497 1352 566 1412 risis
588 1350 704 1429 populis
727 1368 844 1429 quoque
867 1350 921 1411 sub
944 1348 1017 1409 orbe
1040 1348 1135 1417 noris,

358 1454 486 1516 Plurima
509 1471 613 1532 passus
634 1455 718 1533 aquis
740 1462 768 1514 et
791 1460 870 1513 terra
893 1451 1019 1530 plurima
1042 1468 1146 1530 passus

330 1578 345 1619 r
439 1554 592 1633 ingredior
614 1574 731 1626 muros,
755 1554 811 1615 alta
835 1554 958 1623 Vienna,
981 1560 1061 1613 tuos:

356 1657 422 1719 Nou
444 1659 511 1737 quia
533 1656 610 1749 torte
632 1657 697 1717 loco
720 1655 824 1717 vellem
846 1664 875 1717 te
896 1656 1002 1716 adiisse
1023 1671 1179 1734 supremo,

442 1758 502 1820 Sed
523 1760 590 1839 quia
613 1758 715 1820 fatales
736 1761 778 1819 sic
800 1758 918 1819 uoluere
940 1758 1018 1818 deae:

359 1860 428 1921 Fata
450 1878 575 1941 sequor,
600 1862 664 1923 latis
685 1863 724 1921 ita
749 1858 992 1940 compellentibus
1015 1877 1100 1928 erro,

333 1981 347 2023 s
440 1963 515 2024 Ante
538 1961 609 2023 allas
630 1970 743 2032 tecum,
768 1964 792 2023 si
813 1962 958 2032 licuisset,
983 1980 1073 2023 eraur.

359 2065 440 2138 Quos
453 2064 525 2125 milri
547 2065 620 2125 dura
644 2065 706 2126 dies
722 2064 859 2126 Lachesis
881 2065 1065 2125 disterminat
1087 2070 1115 2124 et
1137 2080 1210 2142 quas

443 2166 552 2243 lulligit
573 2183 660 2227 curas
682 2165 873 2246 deliciasque,
896 2184 1019 2244 sequor:

359 2266 425 2329 Nou
447 2266 539 2328 voluit
560 2269 662 2346 patria
683 2267 868 2346 tranquillant
892 2267 1030 2329 lrabuisse
1052 2269 1195 2347 quietern,

323 2388 350 2431 ιι
444 2368 510 2430 Nou
534 2368 624 2429 voluit
645 2368 759 2447 placido
782 2372 868 2430 ritarn
891 2371 1003 2448 agitare
1025 2377 1116 2437 statu;

362 2467 432 2533 ‘nst’
455 2470 496 2531 ait
519 2469 644 2531 'errabis
666 2471 806 2550 varioque
827 2470 883 2531 sub
906 2470 979 2532 orbe
1002 2470 1114 2533 videbis
1156 2468 1171 2493 ⁸

446 2570 614 2633 ‘Multorum
637 2590 750 2642 mores,
774 2572 911 2653 quodque
933 2574 1066 2652 sequaris
1088 2572 1159 2643 erit’,

362 2674 424 2737 Neo
446 2676 516 2734 sinit
536 2681 569 2733 ut
591 2672 694 2735 vellem
718 2692 805 2736 curas
826 2674 998 2752 amplectier
1021 2673 1097 2745 illas,

324 2794 351 2837 n
443 2776 502 2838 Sed
525 2784 627 2837 contra
650 2785 752 2838 nutum
775 2784 887 2857 pugnat
908 2776 1025 2856 agitque
1048 2785 1156 2837 meuin.

231 2858 236 2867 ⁵
364 2877 395 2939 Si
417 2884 521 2939 contra
545 2878 713 2956 impositum
735 2869 865 2939 licuisset
887 2880 984 2939 vivere
1008 2896 1144 2948 cursum,

449 2979 515 3042 Visa
538 2978 609 3040 mihi
631 2981 759 3058 primurn
781 2980 929 3042 Pannonis
951 2999 1003 3041 ora
1027 2980 1118 3041 loret:

366 3080 482 3144 Scilicet
502 3083 663 3143 immensos
685 3084 775 3143 visuro
799 3090 842 3144 cst
864 3082 998 3160 perferre
1020 3080 1152 3151 labores,

327 3202 355 3245 ao
448 3184 485 3246 lit
505 3185 624 3245 tandem
647 3183 750 3245 molles
772 3186 932 3264 appetiisse
951 3185 1032 3263 dios.¹

289 3356 294 3365 ,
365 3285 406 3347 lla
429 3284 573 3365 placidam
596 3286 728 3346 (lextrarn
751 3288 889 3357 venienti,
914 3286 986 3347 urbs
1009 3285 1103 3355 clara,
1128 3293 1236 3364 poetae:

450 3387 513 3449 lloc
535 3394 564 3449 te
585 3406 640 3468 per
653 3386 758 3449 cultos
780 3388 916 3451 obsecrat
938 3387 985 3450 ille
1006 3394 1082 3448 tuos.

367 3488 428 3550 lam
450 3491 520 3550 satis
541 3497 586 3551 est
607 3489 696 3568 longo
719 3489 859 3554 tolerasse
881 3491 1067 3552 incouunode
1090 3508 1195 3558 eursu,

329 3610 357 3651 ar
451 3590 513 3652 laun
535 3592 604 3653 satis
627 3599 671 3652 est
692 3591 775 3653 durae
798 3593 886 3655 nrulta
909 3593 1011 3655 tulisse
1033 3595 1086 3654 viae

368 3690 406 3753 u
426 3694 521 3755 uarios
543 3692 665 3754 morbos
686 3692 918 3776 spoliatoresque
941 3695 1085 3773 malignos

452 3793 639 3875 Vulneraque
661 3803 690 3856 et
712 3815 798 3858 casus
819 3798 997 3877 insidiasque
1019 3806 1134 3867 truces,

167 3980 285 4033 numni
296 3996 409 4032 cumen
421 3981 492 4046 quod
504 3982 589 4034 seiam
603 3998 657 4033 uon
675 3982 729 4034 uisi
746 3986 775 4032 in
788 3988 812 4034 1.
825 3983 869 4046 (τι
880 3984 938 4034 Iud.
952 3984 1018 4033 bibl.
1032 3984 1111 4034 Hutt.
1124 3999 1151 4033 n.
1165 3984 1224 4047 VI.)
1237 3986 1265 4032 et
1281 3986 1308 4032 2.
1321 3980 1366 4046 (ε
1377 3982 1454 4032 Miiu-

167 4066 223 4117 chit
235 4064 364 4133 exemplo
374 4066 398 4116 1.
404 4082 430 4133 p.
440 4064 495 4119 lat.
502 4082 543 4132 sq.
557 4072 641 4117 extat.
659 4068 815 4117 Eckiuuum
825 4068 857 4118 de
862 4069 1005 4119 eastiehen
1015 4071 1039 4118 2.
1047 4067 1198 4118 :Miiucn
1206 4068 1228 4118 1.
1235 4084 1261 4133 p.
1271 4066 1326 4117 110.
1334 4068 1453 4132 repetiit.

234 4199 427 4271 ingredientis]
445 4203 577 4255 inuentis
594 4207 620 4253 2.
690 4203 829 4270 Scriptum
852 4210 968 4255 exeunte
987 4221 1012 4255 a.
1027 4203 1100 4255 1511.
1119 4210 1150 4255 ut
1168 4204 1285 4255 videtur.
1308 4202 1351 4253 Ol.
1364 4201 1419 4254 vol.
1431 4202 1455 4252 1.

168 4288 205 4341 ι’.
217 4288 254 4341 X.
322 4287 484 4355 peregrinus
499 4308 535 4334 =
552 4287 654 4358 illiget,
678 4304 732 4339 nou
750 4287 904 4360 {itemblinp
974 4287 983 4321 ¹
1002 4288 1133 4352 Odysseae
1156 4289 1296 4339 exordium
1318 4288 1348 4337 in
1365 4292 1456 4339 mento

168 4378 260 4439 poeto
272 4371 337 4425 luit.
353 4371 392 4423 cf.
401 4388 427 4423 v.
439 4372 478 4425 ta.
491 4388 531 4439 sq.
550 4372 595 4424 Gi.
608 4373 696 4440 epigr.
708 4390 757 4440 pro
776 4390 826 4425 ure
838 4374 923 4424 Corit.
943 4373 1026 4424 ‘Orbe
1044 4377 1202 4439 pererrato'.
1254 4373 1265 4405 ⁹
1283 4373 1418 4425 Lachetis
1430 4377 1456 4424 ².

168 4458 230 4509 din
240 4456 388 4509 Lachesis.
399 4456 480 4509 Ovid.
489 4459 562 4509 trist.
571 4459 603 4509 V.
614 4456 639 4521 6,
650 4469 682 4509 to.
728 4458 749 4492 ¹²
762 4462 866 4525 agitate
879 4463 903 4509 1.
950 4456 971 4490 ¹⁸
983 4458 1074 4509 videb.
1087 4459 1163 4509 mult.
1177 4456 1222 4525 m.]
1237 4459 1344 4510 Homer.
1358 4458 1456 4523 Odyss.

170 4541 190 4575 ¹⁸
207 4542 254 4596 Cf.
265 4554 352 4608 supr·
369 4542 474 4595 exhort.
487 4559 514 4596 v.
526 4541 585 4598 562.
631 4541 654 4577 ²⁰
670 4545 769 4595 Molles
787 4545 847 4594 dies
865 4544 949 4594 etism
967 4548 1114 4607 sequentes
1132 4544 1276 4594 duodecim
1295 4545 1359 4594 anni
1372 4560 1457 4610 usque

169 4627 232 4679 dum
249 4628 280 4677 iu
297 4626 422 4679 L'fuuviu
439 4629 599 4695 quiesceret,
618 4646 672 4680 nou
691 4630 851 4680 attuleruut.
920 4626 942 4659 ²²
960 4624 1058 4694 cultos]
1082 4629 1155 4679 viros
1173 4630 1299 4681 doctriua
1316 4629 1455 4683 inlustres.

171 4708 292 4781 οὔκω]
311 4712 453 4779 supplicet
470 4717 495 4763 2.
547 4710 569 4745 ¹⁵
587 4715 655 4781 spol.
671 4712 745 4781 mul]
760 4715 879 4765 Losaios.
