3270 5354
488 399 573 436 BENE.
587 398 754 434 susumus
765 398 938 435 susumus.

135 656 174 706 Ut
184 656 236 705 hoe
249 657 277 704 in
291 656 457 705 carminibus
470 656 622 706 scribendis
635 655 827 705 adulescentes
841 654 1010 704 exercitandi
1023 670 1108 719 genus
1120 655 1253 721 stilusqne
1266 657 1354 721 poeti·

70 754 110 789 cae
128 739 269 789 doctorum
282 740 554 790 Francofurtensium
575 739 729 805 disciplinis
744 740 909 790 commodius
922 741 1082 802 aestimetur,
1102 740 1224 790 addimus
1236 741 1353 791 Hntteni

70 824 251 890 condiscipuli
268 825 384 874 Henrici
402 806 552 875 Brumunni
570 825 756 890 Moguntiaci,
781 840 859 891 quem
883 823 930 875 illo
949 825 1082 875 decennio
1100 830 1163 891 post
1180 826 1208 875 in
1226 825 1353 893 epistulis

69 909 245 959 obscurorum
263 910 381 959 virorum
400 908 661 974 vot.11.ep.s5.ut
681 908 824 959 ‘vicarium
843 910 871 958 in
890 923 992 960 summo
1011 916 1039 958 et
1056 909 1155 960 bonum
1174 910 1352 975 organistsm'

69 993 236 1061 celebravit,
256 992 399 1043 consimile
418 992 541 1043 sollenne
559 1009 680 1067 permen,
702 994 771 1058 qued
790 999 852 1059 post
869 994 1069 1043 Hntteninnum
1087 995 1115 1043 in
1132 993 1212 1044 libris
1230 995 1277 1059 qui
1294 994 1353 1045 Iud.

69 1077 196 1146 bibliogr.
208 1093 234 1127 n.
249 1078 271 1128 Ι.
287 1077 309 1129 l.
323 1077 348 1127 ².
361 1077 477 1128 indicati
495 1084 565 1135 sunt,
584 1078 699 1144 legitur:

382 1214 540 1264 Havete!
558 1213 794 1263 BRVMMANNI
814 1213 1046 1264 rttAdttn'CIACt

287 1294 468 1336 SECTATORIS
485 1293 605 1336 tonnnts
618 1294 727 1335 nttnstt
741 1294 968 1336 AEsrtcmttelnttt
981 1293 1131 1336 ottnronts

99 1365 141 1416 IN
158 1366 526 1417 FnAs'oot’Huttulnn’AE
544 1365 828 1416 DESCRIPTIONIS
845 1366 897 1416 ΕΤ
912 1368 945 1416 Ρ.
966 1365 1188 1417 VIGILANTII
1204 1365 1334 1417 POETAE

573 1445 862 1487 coltinenttmrlottm

447 1518 498 1567 At)
517 1517 715 1566 LECTOREM
733 1517 969 1568 EPIGRAMMA.

220 1655 360 1712 incertum
382 1662 422 1711 est
442 1657 543 1711 domnii
562 1656 680 1711 studium
702 1662 728 1710 et
748 1657 856 1711 diversa
878 1659 977 1729 cupido

298 1741 351 1808 (lui
371 1743 433 1814 lepit
452 1741 590 1814 hystorias
610 1749 741 1812 pestaque
759 1741 878 1810 putettru
901 1746 1003 1797 uirum.-

220 1825 291 1880 Num
313 1825 358 1880 ltie
376 1827 477 1897 probat
499 1827 687 1889 Hellanicum,
704 1827 798 1896 placet
819 1826 884 1881 duic
906 1828 1077 1890 Herodotus,
1098 1835 1126 1884 et
1145 1829 1185 1882 itti

177 1926 188 1966 t
295 1909 454 1966 Socraticus
475 1909 630 1981 Xenophon
652 1902 828 1982 Acesitnsque
849 1918 938 1971 vetus,-

218 1996 319 2051 Lactea
341 1995 475 2049 delectent
495 1997 579 2051 atium
600 2010 706 2067 quoquc
727 1996 852 2067 dopmntu
876 1997 947 2064 Lini,
987 2060 993 2083 1

293 2081 349 2135 Hic
371 2082 425 2136 ucttt
446 2079 553 2135 Salusti
570 2082 676 2150 sciiptu
699 2080 790 2134 videre
811 2082 910 2136 brevis.

220 2164 266 2220 Sic
287 2167 396 2220 diuersa
417 2169 544 2237 rapitque
563 2167 683 2219 animum
706 2167 733 2219 in
755 2165 863 2220 diuersa
885 2168 1023 2238 uoluptas.

176 2266 189 2306 s
294 2249 427 2322 Mensqne
448 2253 539 2323 nequit
559 2255 633 2304 recte
654 2251 750 2304 sistere
771 2258 846 2305 certa
868 2253 934 2305 luce.

222 2335 262 2390 Tu
284 2351 347 2391 vere
369 2343 486 2406 exoptes
507 2337 555 2407 qni
573 2336 704 2389 altissima
726 2339 825 2397 nostri,
848 2337 944 2402 tector,

294 2420 405 2490 Pulpita
429 2421 571 2492 Gymnasii
584 2421 807 2492 principiumque
828 2424 901 2485 noni,

217 2505 302 2562 Hunc
318 2506 425 2576 poteris
446 2505 570 2592 npunibus
591 2507 734 2578 complecti
753 2520 828 2576 scepe
849 2507 976 2567 titcttnm,

166 2606 189 2648 12
296 2589 349 2656 Qui
368 2590 415 2644 titi
433 2593 487 2644 inm
506 2590 619 2661 placida
642 2597 729 2645 niente
750 2591 879 2662 tepenttus
901 2595 964 2654 crit,

217 2674 347 2731 Muretus
369 2691 431 2746 quoe
452 2676 544 2739 tellus,
565 2691 627 2748 pute
648 2679 683 2730 sit
703 2676 919 2746 Francptrordiu
941 2693 1050 2741 nosces.

295 2759 397 2828 (liccem,
420 2760 500 2822 dorse,
520 2762 636 2831 piscosis
657 2750 751 2827 attuis',
776 2759 865 2829 oure,
889 2764 979 2817 tinctis.-

218 2844 392 2916 Principibus
414 2863 476 2917 quie
496 2848 532 2900 sit
548 2845 711 2915 prudentia.
733 2845 813 2918 sarna
836 2847 984 2919 decusque,

150 2946 174 2984 is
293 2931 331 2985 Et
350 2946 414 3002 quoe
436 2932 500 2984 dent
520 2932 598 2985 certus
619 2930 737 2985 munera
759 2932 928 2986 doctoribus:

219 3013 380 3086 Quantaque
400 3015 531 3086 fertilitas
552 3016 627 3087 apri,
650 3031 712 3087 quoe
733 3019 812 3085 copia
835 3019 945 3081 messis,

292 3099 413 3153 Numina
435 3117 516 3171 quam
535 3100 653 3172 faueant
673 3101 804 3155 Bacchus
825 3109 850 3155 et
872 3103 944 3154 citrnu
968 3103 1064 3157 Ceres:

219 3182 339 3255 (lucique
361 3184 452 3250 boves,
474 3186 579 3255 pisces,
601 3191 667 3255 quot
687 3199 750 3241 oves
772 3186 927 3256 celeresque
948 3184 1081 3248 eabnttos.

150 3285 175 3326 πο
295 3267 415 3340 Quotque
435 3267 510 3340 fovet
530 3269 622 3323 doctos
643 3269 711 3324 urbs
731 3269 867 3323 celebrata
890 3270 970 3323 ciros.

218 3353 355 3422 Quantum
377 3356 472 3408 etenim
494 3356 573 3409 aerio
593 3354 692 3409 cedunt
712 3355 828 3427 uirpultu
849 3369 983 3424 cupresso

293 3439 331 3493 Et
350 3445 481 3511 quantum
503 3440 592 3510 tepori
611 3446 652 3494 est
670 3438 774 3513 sortior
795 3440 854 3511 ipse
875 3440 929 3501 ico.

220 3523 337 3578 Tantum
359 3530 399 3578 est
421 3525 601 3597 Gymnasium
623 3525 674 3580 linc
696 3525 759 3580 ludo
777 3527 960 3595 praestantius
981 3526 1066 3590 omni,

149 3624 175 3663 cs
294 3608 378 3676 Quem
400 3609 445 3664 tibi
467 3609 594 3664 Romana
616 3617 665 3666 aut
686 3610 795 3665 Graeeia
817 3616 893 3665 terra
916 3610 989 3670 tulit,-

217 3693 298 3761 (luod
319 3693 365 3748 titi
385 3695 531 3766 descripsit
550 3695 665 3750 cetedris
693 3695 857 3767 Vipitantius
878 3695 992 3759 author,

294 3779 435 3850 Gymnasii
455 3781 517 3835 tuus
538 3787 565 3834 et
583 3781 672 3851 plorin
693 3798 794 3852 mepna
817 3783 886 3836 novi.

216 3862 300 3919 Hunc
321 3866 402 3937 ipitur
423 3865 512 3938 stipitis
533 3881 616 3936 cape,
639 3860 722 3920 tecler
744 3867 877 3928 amende,
900 3865 1030 3933 libellum,

99 4025 101 4033 y
149 3962 176 4002 ts
295 3949 349 4018 (lui
368 3950 414 4004 titi
429 3951 590 4022 permodico
612 3951 740 4008 venditur
757 3967 825 4007 aere.
875 3952 950 4008 Vale.

133 4197 293 4267 vigilantii]
307 4200 351 4250 Cf.
364 4199 418 4251 vol.
432 4200 454 4250 1.
470 4217 495 4264 p.
510 4199 551 4252 ⁴3.
565 4201 589 4261 §-
603 4200 645 4250 32.
698 4199 708 4231 ⁵
726 4202 789 4252 Livi
808 4201 902 4252 lactea
915 4201 1035 4250 ubertas.
1055 4199 1220 4262 Quintilian.
1233 4199 1302 4248 Inst.
1316 4214 1355 4250 or.

65 4285 98 4334 X.
114 4283 137 4346 l,
150 4293 185 4337 ³².
236 4285 247 4315 ⁶
266 4284 436 4335 Sallustiana
455 4284 585 4338 brevitas.
605 4285 720 4348 Quintil.
734 4285 752 4335 l.
767 4303 790 4336 c.
843 4284 854 4316 ⁰
872 4282 962 4333 noltrc
976 4288 999 4334 1.
1014 4290 1039 4332 et
1051 4301 1103 4333 curn
1116 4289 1139 4334 1.
1150 4284 1216 4346 faerit
1227 4283 1317 4350 ubique
1329 4288 1355 4334 2.

66 4367 85 4400 ¹¹
106 4366 168 4434 l'cpe
182 4372 206 4418 1.
254 4367 274 4401 ¹³
293 4385 346 4433 que
364 4370 402 4418 bis
415 4372 438 4418 1.
486 4367 506 4400 ¹⁵
525 4385 577 4434 quo
590 4374 613 4420 1.
650 4369 671 4401 ¹⁶
690 4386 742 4435 que
757 4374 779 4420 1.
828 4368 849 4400 ¹⁷
868 4385 919 4432 qne
934 4372 957 4418 1.
1009 4367 1029 4399 ²¹
1050 4368 1092 4418 Cf.
1106 4369 1209 4434 Vergil.
1224 4369 1275 4420 ccl.
1291 4370 1354 4429 l‚25.

64 4449 87 4485 ²⁴
106 4454 208 4505 Grecis
221 4458 244 4503 t.
299 4452 321 4485 ²⁵³
333 4453 423 4503 Hodie
442 4469 542 4517 magno
561 4470 616 4504 mre
636 4455 682 4518 qni
701 4459 823 4504 emerent
841 4459 917 4503 sunt:
940 4467 1022 4501 unum
1045 4453 1118 4502 enim
1135 4454 1355 4507 Vrstislavicnse

66 4539 208 4605 exemplar
224 4541 320 4589 extare
338 4537 470 4588 ereditur.
