3270 5354
167 372 586 421 mmmm-fluminum!
597 378 631 413 vn
641 373 753 413 BELLVU
763 376 792 411 ttt
804 375 928 413 vallatos
939 376 1056 419 nnosttu.
1064 370 1311 415 ΕΧΗΟΜἩΟΒΠΙ.
1338 356 1410 434 145

324 531 389 595 Non
411 531 517 609 lugere
539 539 583 593 est
605 533 697 611 siquis
719 530 827 592 lentam
851 540 1004 594 cunctatur
1027 534 1062 594 ad
1085 535 1176 595 iram:

408 633 512 697 Nescis
533 652 590 713 qua
613 635 716 697 deccat
738 635 794 695 boc
816 652 891 715 opus
912 643 976 696 arte
998 636 1076 712 geri:

326 736 382 797 Tot
402 736 515 797 circum
537 754 623 797 casus
646 748 749 815 pensat
770 736 845 797 lovis
867 736 927 797 ales
948 737 986 798 ab
1009 737 1082 806 alto,

278 823 324 901 tot*
407 837 481 901 Corn
503 837 594 908 solet,
616 838 751 916 ingentes
773 840 888 900 conciet
908 838 956 900 illa
978 848 1091 909 metus;

327 941 411 1021 Seps
433 941 552 1020 quidem
574 958 700 1019 pennas,
724 940 775 1001 sed
798 958 858 1001 non
881 960 936 1019 pro
958 941 1068 1001 viribus
1090 944 1160 1020 ipsis

410 1042 517 1105 nuncu
537 1050 567 1103 et
589 1044 720 1103 excussis
743 1042 891 1118 unguibus
913 1041 1009 1121 ampla
1031 1051 1127 1122 patet,

328 1144 386 1207 Sed
407 1140 467 1205 non
490 1151 550 1205 tuta
572 1146 633 1205 ruit
654 1162 859 1222 summamque
882 1147 998 1221 exurgit
1019 1147 1048 1206 iu
1072 1146 1161 1217 iram,

279 1266 317 1309 aas
413 1244 541 1309 Omnino
563 1247 640 1306 vires
661 1248 911 1325 prosequiturque
932 1264 1009 1308 suas.

328 1348 477 1413 flacteum
498 1349 562 1411 hac
583 1347 708 1428 populos
729 1350 880 1426 suspensis
901 1350 1007 1409 terruit
1028 1349 1095 1422 alis,

413 1450 541 1513 Vindicis
563 1449 683 1511 hostiles
704 1450 890 1511 admonitura
914 1453 1042 1512 animos:

331 1554 405 1617 lium
427 1565 524 1615 tamen
547 1570 599 1614 oro
622 1552 722 1613 furens
745 1570 781 1613 cx
804 1569 891 1613 causa
914 1552 1040 1613 armabit
1062 1563 1091 1637 et
1112 1575 1241 1636 ungues,

280 1676 317 1718 su
412 1654 487 1717 llum
509 1663 576 1715 ruet
597 1663 627 1715 et
648 1656 714 1714 totis
738 1654 849 1715 viribus
870 1672 952 1714 arma
973 1662 1072 1731 geret,

329 1756 413 1819 Tunc
434 1775 531 1837 nequo
553 1755 653 1817 Gallus
676 1775 766 1817 orans
788 1776 857 1818 casu
881 1766 1044 1835 eventuque
1066 1762 1212 1831 secundo,

413 1856 597 1938 Quocunque
620 1859 677 1920 hoc
698 1859 748 1919 llat
770 1866 918 1938 tempore,
942 1860 1035 1919 maior
1058 1864 1128 1931 crit:

331 1960 392 2025 Nec
412 1959 490 2023 bene
513 1979 561 2022 res
582 1959 726 2021 Venetam
749 1968 858 2020 tantam
880 1960 1022 2022 subsistet
1042 1963 1079 2023 at
1102 1965 1191 2035 iram,

280 2084 318 2125 ua
412 2061 522 2125 Viderit
544 2063 669 2124 loiniaco
692 2062 813 2123 lulmiua
837 2064 910 2123 iacta
933 2062 1003 2123 salo.

328 2164 372 2225 lt
394 2162 479 2245 pbtes
500 2164 669 2233 arbitrium,
693 2183 794 2225 rerum
818 2165 1001 2233 moderator,
1024 2166 1157 2245 iniquum

412 2262 514 2345 tteqoe
536 2269 593 2328 tuis
615 2266 899 2345 tactis->ingenioque
923 2268 1000 2344 petit

320 2490 388 2561 Quo
408 2498 435 2547 te
452 2493 514 2547 iure
535 2492 609 2563 loqui
623 2491 747 2564 salebere
768 2492 850 2558 telio,
873 2492 998 2557 demens,

413 2576 480 2644 Quis
501 2577 549 2631 dot
567 2579 595 2631 in
616 2577 759 2631 arbitrium
781 2578 856 2647 repis
876 2576 955 2648 scete
977 2583 1072 2632 tuum?

331 2662 404 2718 Tene
418 2663 496 2717 decet
516 2676 683 2734 moerorque
703 2662 787 2716 duces
804 2676 935 2732 repesque
952 2663 1100 2733 superbos,

278 2764 316 2806 au
411 2747 475 2803 Vilis
497 2746 593 2809 borno,
617 2748 708 2818 linquo
730 2753 931 2801 contemeruutc
951 2747 1045 2818 loqui!

327 2832 386 2891 lion
408 2833 503 2905 lugere
525 2840 568 2888 est
589 2832 613 2887 si
636 2831 697 2905 quis
720 2830 819 2887 lentam
841 2839 986 2888 cunctatur
1007 2832 1040 2887 acl
1063 2833 1142 2897 iram,

413 2919 474 2973 lior
495 2917 549 2975 scis
571 2934 625 2990 qua
645 2917 738 2973 ‹leccat
760 2915 813 2972 boc
835 2934 905 2990 opus
927 2926 984 2971 arte
1007 2919 1081 2990 geri:

327 3000 403 3059 Duru
421 3003 498 3058 certet
517 3010 543 3058 et
567 3002 682 3057 Venetos
702 3009 808 3072 spectet
823 3004 967 3072 pacienter
990 3003 1029 3057 cri
1047 3019 1151 3074 ausus,

277 3103 316 3146 ut
411 3087 473 3143 Non
491 3090 545 3143 scis
565 3103 628 3161 quae
649 3087 728 3141 cordi
747 3085 948 3141 Muxruilicuus
968 3094 1046 3158 uperi.-

328 3174 381 3232 'lot
401 3173 503 3231 circum
524 3190 604 3229 casus
626 3179 723 3246 pensat
745 3171 815 3226 loris
836 3172 893 3227 ales
915 3171 949 3227 ab
970 3171 1043 3234 alto,

411 3259 485 3315 bom
506 3258 592 3319 volet.
616 3258 740 3330 ingentes
763 3257 854 3311 exciet
877 3255 922 3312 illa
945 3265 1048 3318 metus,

328 3344 406 3420 Saepe
428 3342 536 3418 quidem
558 3359 674 3417 pennas.
698 3341 746 3397 set
767 3358 822 3397 non
845 3357 895 3415 pro
919 3341 1021 3398 viribus
1044 3342 1111 3414 ipsis

276 3444 315 3485 m
408 3428 505 3486 Pandit
527 3435 554 3484 st
576 3430 718 3499 expressis
742 3425 879 3498 unguibus
901 3425 989 3501 arrrpla
1011 3435 1103 3501 patet,

328 3513 379 3571 Set
401 3531 458 3570 non
481 3520 538 3569 totu
560 3513 615 3569 ruit
637 3527 850 3583 supremumque
871 3513 953 3568 (sicelet
975 3514 1002 3568 ln
1025 3516 1107 3576 iram.

412 3598 528 3655 Omnino
550 3598 620 3653 vires
642 3597 873 3671 prosequiturque
895 3616 967 3654 suas.

327 3682 463 3741 Hactenus
485 3683 545 3739 bac
566 3682 684 3758 populos
706 3685 840 3753 expansis
864 3684 961 3739 terruit
983 3682 1049 3747 alis,

275 3783 315 3826 ιω
408 3768 525 3853 Virqlicis
548 3767 663 3825 hostiles
684 3767 855 3824 admonitura
877 3784 990 3823 morsus.-

326 3852 392 3911 lium
415 3861 505 3911 tamen
527 3871 575 3910 ora
597 3852 689 3924 biceps
709 3861 841 3908 commota
863 3852 978 3910 armabit
1000 3861 1027 3908 et
1049 3870 1169 3928 ungues.

411 3938 478 3996 lium
500 3946 563 3995 ruet
584 3946 612 3994 et
634 3937 701 3994 totis
723 3937 825 3994 viribus
847 3955 920 3995 unua
942 3947 1036 4011 geret,

327 4023 402 4081 'l'unc
423 4040 512 4099 neque
534 4022 626 4080 Gallus
649 4039 731 4079 ovans
751 4032 827 4080 sorte
848 4032 999 4097 everrtuqne
1022 4023 1155 4086 secundo.

276 4123 315 4167 aso
408 4106 576 4183 Quocunque
598 4108 651 4164 boc
672 4107 718 4164 liet
741 4115 876 4183 tempore.
899 4111 986 4164 maior
1007 4109 1075 4171 erit;
1353 4125 1411 4177 (stt)

327 4192 389 4251 Non
410 4192 480 4251 bene
501 4210 545 4251 res
567 4192 697 4249 Venetum
714 4200 817 4249 tuntum
840 4192 972 4249 subsistet
994 4193 1025 4249 orl
1048 4193 1163 4258 bostem,

411 4278 514 4338 viderit
534 4278 650 4335 Adriaco
673 4277 785 4336 fulmina
807 4280 876 4336 iacta
898 4281 978 4333 mori.

326 4363 369 4421 tt
390 4372 470 4438 potes
492 4363 648 4426 arbitrium,
671 4380 762 4420 rerum
785 4364 954 4425 rrrotlerator.
977 4362 1100 4437 iniquum

276 4463 316 4505 aas
409 4448 500 4525 lisque
523 4450 577 4507 tuis
600 4449 677 4505 lactis
700 4449 864 4523 ingenioque
886 4448 960 4522 patil
1355 4466 1412 4517 1111)

192 4644 228 4679 ⁵¹¹
243 4654 320 4715 pstea
339 4651 363 4701 1.
415 4664 504 4699 rerum
523 4646 688 4713 moderator]
708 4649 799 4697 irrisorii
818 4649 974 4712 imperator.

191 4726 229 4765 ⁸⁸
244 4732 291 4785 itte
309 4736 335 4785 l.
351 4735 401 4783 sed
415 4736 441 4784 in
457 4749 514 4800 sqq.
527 4742 553 4783 et
572 4737 596 4784 in
614 4737 640 4784 2.
650 4736 772 4797 feminino
788 4739 827 4782 est
847 4733 938 4782 alos·
967 4728 1002 4764 ²⁵⁶
1019 4732 1135 4797 populus
1154 4735 1178 4782 1.
1229 4732 1313 4783 teruit
1330 4736 1353 4782 1.

184 4814 315 4871 limus
331 4818 401 4869 011.
424 4833 488 4871 vor..
506 4818 557 4870 111.
1156 4823 1193 4880 ll)
