3270 5354
262 321 336 394 278
424 351 547 388 ΗΠΤΕΝΙ
559 349 597 386 ΔΙ)
609 349 721 387 CBOTW
735 350 881 386 BVBHNVH
895 351 930 385 DE
943 350 1030 386 STATV
1044 349 1157 385 BOHANO
1170 350 1382 387 urrunnun.

711 1126 859 1188 vinicii!
882 1127 930 1189 DE
952 1127 1104 1189 HVTTEN

684 1245 733 1295 an
765 1245 916 1296 cnonvn
944 1245 1134 1297 nvnmnvu

744 1349 785 1406 nE
807 1349 914 1407 s'mrv
935 1349 1072 1408 noniano

616 1465 885 1517 urrunnuunrn
902 1466 952 1515 nx
969 1465 1066 1515 vnun
1084 1465 1199 1516 urssn.

422 1567 435 1623 l
465 1638 596 1699 Vidimus
617 1637 751 1698 Ausonia
773 1637 929 1697 semieruta
953 1637 1059 1696 muenia
1083 1634 1200 1704 Roman,

549 1739 617 1809 Hic,
640 1737 690 1799 ubi
714 1756 780 1798 cum
803 1737 894 1798 sacris
917 1737 1052 1798 venditur
1074 1739 1137 1816 ipse
1158 1737 1246 1807 deus,

465 1840 635 1918 ingentem,
659 1839 761 1910 Crote,
785 1838 954 1918 pontificem
976 1855 1154 1917 sacrumque
1175 1845 1309 1901 senatum

440 1964 451 2002 ι
550 1941 587 2001 Ei
607 1940 696 2019 lungo
719 1957 859 2018 procerus
881 1940 986 2001 ordine
1008 1940 1186 2011 Cardianus,

465 2044 521 2105 Tot
542 2041 656 2103 scribas
677 2035 840 2121 vulgusque
863 2041 1015 2104 hominum
1036 2040 1108 2103 nihil
1131 2040 1202 2102 utile
1224 2040 1332 2112 rebus,

551 2144 631 2215 Quos
654 2160 725 2221 vaga
749 2151 883 2205 contecto
907 2161 1040 2223 purpura
1064 2144 1147 2204 vestit
1169 2161 1261 2223 aqum
1379 2213 1381 2217 ,

466 2245 536 2316 Τοῑ,
561 2245 656 2315 Crote,
680 2247 731 2324 qui
753 2245 873 2316 iaciunt,
897 2252 940 2305 tot
962 2247 1012 2323 qui
1033 2246 1198 2323 patiuntur,
1222 2251 1251 2306 et
1272 2244 1354 2316 ilios,

440 2369 453 2408 a
540 2345 628 2424 Orgia
653 2348 702 2425 qui
725 2349 838 2416 vivunt,
862 2365 930 2408 cum
952 2345 1090 2408 simulent
1112 2345 1232 2416 Curi0s;

467 2448 595 2510 Rursum
612 2447 691 2517 illos,
709 2450 759 2528 qui
775 2466 830 2510 nuc
845 2448 984 2510 simulant
998 2446 1076 2509 bona
1092 2466 1147 2509 nec
1163 2447 1239 2510 bene
1254 2448 1368 2516 vivuui.

551 2550 607 2622 Qui
629 2550 727 2611 rident
749 2567 848 2610 mores
870 2548 1069 2629 exibiiantqua
1089 2548 1200 2623 bonos,

467 2651 548 2722 Quos
562 2654 643 2712 iuvat
657 2669 721 2712 usse
736 2650 843 2721 maios,
862 2646 969 2730 quibus
984 2657 1014 2712 et
1026 2650 1109 2722 iicet,
1125 2653 1156 2712 in
1171 2653 1239 2729 iuga
1255 2668 1384 2732 quornm

430 2775 453 2814 u
553 2752 707 2814 Consensit
730 2754 845 2814 miseris
866 2752 1000 2815 'i'eutona
1023 2759 1103 2815 terra
1125 2754 1235 2824 modis;

393 2844 397 2851 ’
467 2854 522 2924 Qui
546 2855 617 2916 dant
639 2855 748 2934 quique
772 2862 881 2926 vetant,
905 2856 956 2934 qui
979 2872 1054 2932 quos
1076 2853 1209 2916 clausere
1230 2854 1391 2918 recludunt

551 2955 681 3018 Arbitrio
705 2954 796 3016 coelos
818 2956 1057 3036 distribuuntquu
1080 2975 1149 3027 suo,

467 3056 629 3128 Romanas
652 3076 750 3137 nuque
773 3059 851 3119 enim
874 3057 1038 3119 Romanos:
1061 3058 1159 3118 omnia
1181 3055 1252 3119 insu

428 3180 454 3222 ιι
553 3158 717 3237 Omniaque
738 3157 884 3220 obscoenis
906 3158 993 3239 plena
1016 3158 1201 3233 libidinibus:

467 3262 563 3340 Atque
584 3261 648 3322 haec
670 3267 737 3340 posi
759 3261 879 3331 Curios,
903 3261 1060 3341 Pompeios
1082 3268 1170 3340 atque
1192 3260 1325 3322 iiieieiios

553 3361 588 3440 (0
609 3380 709 3423 mores
730 3368 818 3441 atque
840 3380 857 3422 ο
880 3363 1035 3441 temporai)
1057 3362 1151 3425 Roma
1173 3363 1247 3425 tulit.
1383 3344 1387 3351 ⁸

467 3463 575 3525 Desine
596 3462 670 3524 velie
692 3482 806 3525 sacram
829 3465 990 3543 imprimis,
1015 3464 1116 3535 Croto,
1139 3466 1234 3527 visere
1255 3464 1395 3527 Romam:

428 3585 454 3626 ao
552 3563 719 3626 Romanum
741 3566 873 3628 invenies
895 3565 957 3636 hic,
981 3565 1034 3627 ubi
1054 3564 1164 3637 Roma,
1187 3565 1268 3628 nihil.

419 3744 447 3804 2.
707 3713 712 3723 ¹
809 3753 858 3803 nn
877 3746 1016 3804 nonan.

469 3869 573 3932 Vendit
594 3869 687 3931 Roma
711 3871 815 3941 deum,
839 3872 937 3933 rendit
958 3889 1057 3945 sacra,
1081 3872 1181 3933 mnilit
1204 3871 1350 3941 honores,

552 3972 693 4052 ipsaque,
717 3975 795 4053 quod
817 3975 927 4035 mirum
950 3980 995 4035 esi
1017 3974 1134 4045 (licum,
1156 3974 1249 4037 Roma
1272 3976 1369 4036 venit:

335 4157 357 4207 l.
388 4159 428 4222 Os.
443 4158 574 4210 lambibi.
593 4176 618 4209 ιι.
633 4158 898 4231 .ιίἵ1.1.(33ιιι2...4.ι
915 4212 920 4219 ,
951 4160 986 4210 ab
999 4164 1025 4210 2.
1040 4163 1064 4210 4.
1083 4176 1171 4211 nomen
1188 4176 1236 4213 οιιι.
1250 4165 1277 4212 3.
1331 4158 1430 4228 mssa]
1446 4178 1473 4212 a.
1489 4160 1556 4212 1510.
1581 4224 1587 4236 .

266 4242 304 4291 ei.
317 4242 371 4293 voi.
386 4244 407 4293 1.
420 4260 447 4309 p.
464 4242 520 4294 105.
533 4260 560 4293 n.
574 4245 683 4297 XXXV.
730 4244 741 4276 ⁷
759 4243 802 4294 Οἱ.
815 4246 848 4296 In
866 4250 949 4310 temp.
962 4245 1014 4294 Iul.
1027 4250 1081 4295 sat.
1095 4260 1121 4296 v.
1134 4244 1175 4295 40.
1190 4261 1248 4310 sqq.
1295 4246 1306 4278 ⁸
1326 4244 1446 4308 „Ourios
1465 4247 1511 4312 qui
1523 4247 1557 4295 ai-

267 4326 373 4377 muiant
392 4332 420 4378 et
437 4328 632 4380 Bacchanalia
650 4324 771 4381 virunt”.
791 4329 915 4380 lurensi.
929 4335 982 4380 sui.
997 4331 1033 4381 11.
1047 4330 1073 4381 3.
1126 4328 1146 4361 ¹³
1165 4327 1241 4395 daut]
1261 4329 1404 4382 licentias.

334 4411 360 4461 2.
389 4410 503 4480 ²vinit]
527 4416 605 4465 uoluit
626 4415 715 4478 ninii,
738 4413 876 4466 venditur.
929 4413 1063 4466 Similiter
1086 4431 1116 4466 ru
1141 4430 1237 4466 ιιοιιιιι
1260 4415 1414 4482 scripserat
1431 4418 1557 4484 Baptista

266 4496 446 4548 Mantuanus:

469 4582 498 4633 Si
517 4584 582 4648 quid
600 4585 688 4635 Roma
706 4583 797 4643 dabit,
816 4598 904 4650 nugas
923 4584 1016 4645 dabit,
1035 4586 1264 4652 sempitrnum,

468 4668 562 4719 Verba
579 4669 641 4731 dat3
659 4668 729 4732 heu,
747 4668 841 4719 Romae
858 4684 930 4720 nunc
948 4670 1008 4721 sola
1024 4671 1144 4737 pecunia
1161 4674 1270 4737 regnat.
