3270 5354
135 392 285 429 ,ΙΠΗΙΙῘΙ
297 392 402 428 BYBEM
416 390 576 426 amvttt'nvs
590 391 728 426 nocaottls
741 391 882 426 nsvctnnn
896 392 1143 428 s.10s.cst³rttonts
1157 395 1309 430 sncouton.
1332 366 1404 437 437

314 547 385 607 Esse
408 545 520 606 bomini
543 543 684 604 similem:
708 544 775 604 lure
797 563 890 614 truste,
915 549 996 605 canis
1019 547 1170 626 improbe,
1194 555 1278 609 torvo

314 647 399 709 Nunc
421 647 484 707 iera
506 646 593 706 dente
616 664 697 716 seca,
721 653 838 724 sumpto
861 663 940 708 nuno
963 656 1086 726 percute
1109 667 1202 710 cornu

315 750 352 810 Et
374 748 501 810 suevum
525 754 555 808 et
576 748 696 807 iuvenes
718 766 773 826 pro
797 749 892 808 Snevo
916 748 973 809 tela
997 750 1145 811 lerenteis.

314 851 378 911 lluc
400 848 471 909 mibi
493 849 630 927 (namque
652 867 752 910 meum
775 857 819 911 est
841 849 920 911 bunc
942 852 1108 913 instaurare
1130 853 1333 932 triumphum),

262 973 301 1013 ros
316 951 489 1019 Camillces,
514 949 639 1011 clamate
662 950 751 1018 duos;
775 969 825 1009 vos
847 952 984 1012 omnibus
1006 955 1110 1024 armis,
1226 952 1357 1030 {3552ng
1371 964 1395 1031 33

315 1055 372 1113 Vos
393 1038 495 1122 cruce,
520 1071 570 1112 vos
593 1052 704 1130 laqueis
727 1060 756 1112 et
776 1052 879 1113 adacto
902 1054 1021 1114 funibus
1043 1073 1120 1115 unco
1225 1039 1243 1073 ¹¹¹
1257 1038 1351 1083 “mmm

316 1156 398 1216 llanc
420 1154 506 1224 mibi,
529 1154 698 1222 carnifices,
721 1171 843 1232 operam
866 1155 941 1224 date,
964 1158 1063 1233 ponite
1086 1159 1214 1236 primurn

315 1257 352 1318 Ut
374 1256 447 1317 lacie
468 1257 498 1316 in
520 1263 630 1316 terram
654 1274 737 1316 versa
761 1255 945 1335 genibusque
967 1259 1079 1334 supinis

314 1357 375 1419 Nec
398 1356 503 1417 coelum
527 1359 661 1435 aspiciat,
685 1375 741 1416 nec
763 1375 817 1416 nos
841 1360 1018 1420 contaminet
1041 1360 1102 1421 istis

264 1482 303 1522 no
317 1461 446 1521 abactos
469 1457 577 1527 oculis,
602 1459 800 1537 quoniamque
823 1460 937 1536 impura
960 1458 1094 1530 locutus,

314 1561 447 1623 Mordeat
469 1579 521 1621 ore
544 1558 640 1620 solum
664 1566 692 1620 et
714 1561 853 1638 quiddam
876 1560 912 1622 de
934 1560 1056 1639 pulvere
1078 1565 1206 1623 mandat.
1254 1540 1265 1551 ”

314 1663 385 1735 Quae
406 1680 505 1732 mora,
530 1662 701 1722 carnifices?
723 1667 792 1740 qtiin
818 1680 868 1721 vos
891 1662 960 1723 bulo
983 1683 1034 1724 ore
1057 1672 1168 1726 retorto

314 1765 453 1843 Excipitis
474 1761 619 1851 linguam,
643 1781 819 1840 magnorum
842 1765 937 1841 prima
960 1764 1105 1826 malorum

313 1866 447 1934 Semina,
470 1883 508 1926 ne
531 1864 627 1925 medio
649 1867 743 1943 possit
767 1884 825 1925 non
848 1866 934 1926 landa
957 1866 1108 1945 triumpho

262 1990 300 2029 ns
314 1968 430 2028 Dicere!
454 1968 525 2045 quin
548 1983 652 2027 nasum
675 1974 763 2045 atque
785 1966 887 2028 ambas
909 1966 1032 2027 avellitis
1053 1988 1155 2041 aures,

312 2070 501 2147 lnseritisque
524 2087 632 2129 unctam
655 2068 796 2149 pedibus,
820 2069 994 2149 tralritisqne
1017 2073 1124 2148 supino
1203 2069 1401 2150 lssgtssssffiffljffl·

312 2170 426 2250 Poplite
448 2176 615 2231 verrentem
639 2171 773 2249 facieque
795 2178 824 2231 et
846 2179 967 2250 pectore
990 2174 1113 2232 terram!

220 2274 225 2285 “
312 2272 449 2334 Proderit
470 2290 610 2333 excussos
633 2274 719 2333 etiam
743 2273 915 2352 disperdere
939 2274 1066 2343 denteis,

314 2374 357 2436 Ne
380 2381 497 2435 maneat
518 2373 625 2444 labris,
650 2393 708 2453 quo
732 2393 900 2454 quenquam
923 2374 1023 2444 laedat,
1048 2377 1077 2435 in
1101 2377 1172 2436 istis.

262 2499 300 2540 aso
315 2477 445 2544 Interea,
470 2493 638 2554 quanquam
660 2475 787 2536 trahitur
809 2485 877 2556 post
898 2485 981 2554 terga
1004 2478 1130 2538 redactis

313 2579 345 2640 ln
368 2580 481 2640 terrum
504 2577 656 2648 manibuS,
679 2578 785 2656 digitos
808 2586 941 2640 truncate
965 2584 1112 2659 supremis

262 2725 264 2728 -
313 2680 476 2759 Unguibus.
501 2680 649 2741 ‘lmmane
672 2678 730 2740 est'
754 2680 823 2740 dicit
846 2679 916 2739 milri
938 2680 1095 2758 Tungarus
1119 2684 1237 2743 ‘istud’:

313 2783 443 2844 lmmane
466 2789 524 2850 est;
548 2788 578 2842 at
601 2800 650 2842 vos
672 2788 820 2842 tormento
842 2782 999 2843 immanius
1022 2786 1102 2843 omni

312 2885 381 2946 Ausi
404 2886 474 2946 estis
497 2884 618 2944 lacinus.
643 2883 723 2943 ‘laeto
747 2885 896 2943 committe
918 2883 1067 2963 triumpho

262 3008 300 3048 aas
316 2986 416 3048 ‘llunc
432 2984 536 3047 saltem
551 2986 714 3064 integrum,
732 3003 769 3046 ne
785 2993 921 3045 moestum
938 2985 1001 3044 baec
1016 2986 1121 3064 gaudia
1140 2993 1304 3046 monstrum

316 3087 467 3150 ‘Turbet'.
492 3094 521 3147 at
544 3087 592 3148 hic
614 3104 701 3148 nemo
725 3093 770 3147 est
792 3089 839 3147 cui
861 3089 898 3148 sit
921 3087 1088 3148 miserabile
1111 3088 1250 3166 quicquid

314 3191 476 3268 Contigerit
498 3188 597 3257 vobis;
620 3190 708 3250 vestri
733 3190 883 3250 miseratio
906 3188 1002 3249 nullos

313 3293 367 3354 llic
389 3299 486 3353 movet
507 3292 644 3360 allectus,
668 3291 767 3352 rident
788 3293 933 3369 puerique
956 3292 1083 3369 virique,

314 3396 350 3457 Et
372 3394 472 3456 laciles
495 3392 624 3454 doluisse
647 3412 741 3453 nurns
763 3392 923 3472 facilesque
945 3391 1051 3472 puellae

262 3516 301 3557 no
316 3497 378 3558 Una
401 3514 504 3557 omnes
527 3495 640 3565 rident,
665 3495 829 3574 plausuque
853 3497 967 3556 favente
990 3504 1153 3574 sequuntur

314 3599 399 3659 Hunc
420 3599 521 3659 ludam
546 3599 683 3676 appensis
706 3596 846 3674 pedibus,
870 3606 1055 3678 tractumque
1077 3602 1183 3679 supino
1277 3597 1406 3675 lffl‘qfffi

314 3699 453 3778 Oceipitl,
478 3706 508 3760 et
529 3698 651 3759 scabros
674 3706 874 3760 revomentem
897 3702 926 3760 in
950 3702 1093 3779 sangnine
1117 3702 1246 3770 denteis,

315 3802 549 3880 confessumque
572 3820 665 3869 unco,
688 3800 787 3878 lingua
811 3819 942 3881 nasoque
965 3812 1129 3871 carentem,

314 3904 408 3983 litque
431 3909 613 3964 exarmatum
637 3903 748 3979 digitis,
773 3922 919 3982 auresque
942 3905 1088 3965 videntem

264 4025 302 4067 aas
318 4007 391 4066 Ante
414 4024 482 4066 suas
505 4023 655 4083 nunquam
680 4006 763 4066 visas
788 4006 881 4076 Num,
906 4007 1034 4084 perfide,
1059 4006 1160 4067 malles

177 4225 209 4259 ⁷⁰¹
230 4227 343 4276 Recidit
366 4230 463 4276 auctor
486 4227 514 4275 in
537 4232 710 4291 spernentem
734 4228 918 4276 acerbitatem
944 4244 998 4289 qus
1022 4229 1050 4276 iu
1075 4226 1286 4277 Exclamntione
1312 4231 1408 4276 contra

135 4312 230 4362 lterum
253 4311 470 4376 Peperieornnm
495 4311 529 4360 de
553 4311 690 4377 dignitate
714 4327 764 4360 sun
793 4313 972 4362 veliementer
1001 4314 1163 4362 discessisse
1192 4313 1259 4361 mihi
1287 4312 1406 4362 videtur.

135 4395 345 4447 'Rertehlinum
363 4397 634 4460 Reuchlinistaeque.
699 4393 732 4427 ⁷⁰⁴
751 4396 947 4446 Carraificinam
973 4395 1112 4447 inmanem
1136 4398 1208 4447 facis
1228 4398 1404 4463 triumphum.

135 4482 272 4532 iterium
291 4487 365 4532 tetra
383 4481 531 4546 odioseque
551 4482 678 4546 cuiquam
696 4483 749 4531 nisi
768 4481 893 4531 carnitiei
912 4483 1033 4547 placere,
1053 4498 1142 4546 neque
1155 4483 1326 4532 intellexisse
1345 4499 1407 4547 poe-

135 4583 166 4616 ιω
184 4583 290 4618 exeun
312 4566 481 4616 indesinenti
504 4566 667 4616 erudelitate
692 4572 760 4632 aput
781 4567 914 4617 humanos
938 4568 1056 4618 lectores
1074 4569 1260 4632 Pepericorno
1284 4569 1407 4617 favorem

135 4652 219 4702 soriti
285 4651 319 4683 ⁷⁰⁹
338 4650 435 4701 caelum
456 4656 481 4701 3.
546 4650 580 4682 ⁷¹²
599 4653 644 4716 qui
663 4656 721 4702 2.5.
786 4651 819 4684 ⁷¹⁹
838 4653 895 4703 Nee
915 4656 971 4703 26.
1030 4651 1063 4684 ¹²²
1081 4654 1185 4702 lticnnt
1203 4653 1256 4702 tibi
1274 4652 1323 4703 alil
1341 4667 1406 4717 quo·

135 4750 170 4786 te.
224 4733 258 4769 ⁷⁸⁴
277 4737 462 4787 beantibus
481 4737 624 4788 abscissis.
648 4737 780 4804 Indignus
798 4737 887 4800 lusus,
908 4744 937 4786 nt
956 4738 1015 4789 haeo
1034 4739 1135 4788 omnia.
