3270 5354
508 392 630 428 everam
643 392 679 426 DE
692 391 763 426 ARTE
777 389 1013 428 veustrtctnottu
1025 389 1118 424 uituli.

344 546 390 607 Fit
411 546 498 625 dupla
522 555 550 607 et
572 564 686 608 crassas
708 546 838 608 extendit
859 563 1011 606 murmure
1032 562 1131 613 voces,

222 636 229 651 ’
290 670 315 709 55
342 649 431 708 Cuius
452 656 484 708 ut
506 655 565 718 est,
588 657 686 710 tamen
708 647 784 709 banc
806 647 896 708 voluit
917 647 1069 724 geminare
1090 651 1228 705 adustae.

344 746 414 810 ss
430 752 607 831 quandoque
621 767 694 810 sono
712 767 816 811 manca
831 756 876 811 est
889 750 1006 828 vimque
1022 748 1101 809 exuit
1115 764 1246 816 omnem,
1306 744 1453 823 Pffim

346 838 385 912 Ni
404 851 544 932 liquidam
565 852 662 921 dicas,
685 854 823 932 quoniam
845 849 1012 912 resolubilis
1033 856 1126 912 extat:
1151 869 1156 877 ·

343 950 450 1018 Simois
472 953 512 1015 ibi
535 950 719 1033 quercauqne
742 954 853 1014 dabunt
874 954 1065 1021 documenta,
1088 950 1132 1012 vel
1152 933 1270 1027 unpfis.

343 1057 539 1130 concedam
561 1059 648 1118 etiam
671 1055 728 1117 dici
751 1055 894 1133 ‘liquidas'
917 1053 1036 1115 voluere
1058 1053 1167 1114 Latini:
1355 1051 1360 1134 l
1406 1050 1408 1055 ’
1442 1117 1448 1128 ,

291 1178 316 1218 oo
341 1157 457 1219 Mollior
478 1160 512 1219 iis
535 1176 625 1219 sonus
648 1165 692 1219 est
713 1165 742 1219 et
763 1159 812 1237 qui
834 1173 967 1237 persepe
988 1155 1143 1234 liquescat,
1262 1158 1266 1167 '

343 1261 418 1332 Onin
441 1261 542 1338 posite
564 1261 599 1322 ad
623 1267 718 1321 mutas
740 1259 886 1328 vocalem,
910 1276 976 1338 quae
997 1259 1082 1337 praeit
1103 1264 1186 1327 ante,

343 1362 374 1422 Si
396 1361 494 1422 brevis
515 1371 560 1424 est
581 1362 666 1431 alias,
690 1344 876 1423 communem
899 1361 1037 1422 incedere
1059 1366 1184 1435 cogunt:

343 1463 391 1524 Sic
414 1481 489 1539 uper
510 1466 569 1525 exit
590 1467 675 1541 apri,
699 1463 829 1524 tenebrae
849 1465 892 1524 sic
915 1465 974 1523 sive
996 1463 1133 1550 mebris.

344 1564 370 1623 d
392 1562 507 1643 Syllaba
530 1565 677 1644 dispositis
698 1566 794 1641 surgit-
813 1568 965 1641 compacta
986 1563 1095 1630 lituris;
1352 1560 1454 1643 lerun-

290 1685 315 1726 55
341 1664 484 1726 Subditur
506 1665 574 1725 liuic
595 1673 726 1745 tempus,
750 1683 818 1726 nam
840 1667 941 1744 siqua
965 1672 1009 1725 est
1029 1663 1132 1743 longa,
1150 1664 1295 1732 duorum.
1349 1660 1453 1747 ltcum-

342 1766 497 1847 Temporis
519 1769 606 1828 unius
628 1768 725 1829 brevis
747 1773 807 1828 est:
830 1768 870 1826 ita
892 1764 1002 1845 syllaba
1024 1772 1152 1833 constat,

342 1867 455 1939 Quanta
478 1871 531 1937 sit,
555 1876 584 1930 et
606 1871 718 1931 tunnas
739 1870 854 1947 signant
875 1867 988 1944 lastigie
1010 1886 1105 1929 roceo.
1294 1943 1296 1947 y

341 1966 367 2030 d
389 1969 578 2048 Quaecunque
601 1978 645 2031 est
664 1971 742 2030 inter
764 1970 887 2047 primam
910 1968 1050 2048 verbique
1072 1980 1255 2050 supremam,
1349 1966 1457 2055 lIqulssf

341 2072 424 2132 llaec
447 2069 591 2132 ‘mediam'
613 2071 728 2132 dicunt:
751 2071 863 2132 medias
884 2072 924 2131 ita
945 2071 1033 2132 dictio
1054 2070 1155 2151 plures

288 2193 314 2235 ro
338 2172 475 2234 Continet
496 2193 552 2235 una
575 2172 676 2257 simul,
699 2190 765 2251 quae
786 2171 1011 2251 legetenentur
1033 2173 1144 2234 eadem.

342 2275 368 2334 d
389 2275 463 2345 Quae
484 2277 561 2336 venit
582 2284 650 2336 aute
671 2274 756 2335 aliam
780 2272 901 2344 vocalis,
923 2275 1118 2353 corripietur:
1316 2271 1453 2352 imp:

343 2377 391 2438 Sic
413 2377 479 2454 olo,
502 2377 546 2437 sic
566 2375 640 2437 dius
661 2376 787 2450 estufin
809 2376 982 2456 producitur
1004 2393 1097 2456 usque

342 2479 416 2539 lium
438 2478 517 2540 subit
538 2498 552 2539 t
574 2480 655 2554 voci,
674 2477 801 2554 flerem
820 2478 956 2557 flerique
977 2478 1115 2539 uomodo.

342 2582 368 2640 u
390 2580 533 2642 Omnibus
553 2589 599 2642 est
620 2599 728 2661 anceps
751 2583 884 2661 genitivis
905 2579 1014 2661 syllaba
1037 2582 1066 2640 in
1088 2582 1139 2640 ius.

289 2703 314 2743 re
338 2683 460 2744 Casibus
481 2684 510 2742 in
531 2685 655 2762 quintae,
679 2683 796 2763 quando
818 2683 829 2742 i
849 2681 1060 2751 subscribitur,
1084 2689 1163 2744 extat
1255 2686 1260 2696 '

341 2783 520 2862 Clongum.
543 2784 696 2855 ultorium,
716 2782 847 2860 plotium
870 2785 1065 2846 communiter
1087 2784 1167 2845 oller.

341 2888 367 2946 o
389 2886 592 2965 diphthongus
613 2885 700 2964 longa
723 2893 782 2953 est:
806 2903 889 2948 mora
911 2887 957 2956 llt,
980 2888 1006 2946 si
1028 2885 1104 2947 lorte
1125 2893 1265 2964 sequatur
1302 2881 1454 2968 lorium.

341 2988 474 3050 Consona
497 2988 627 3049 vocalem
650 2986 773 3065 duplex;
797 2989 836 3047 ita
856 2991 948 3063 piscis
969 2994 999 3049 et
1021 2991 1090 3047 occis
1353 2984 1357 3068 Ι
1379 3007 1453 3042 aaran.

341 3088 477 3152 Vocalem
499 3089 636 3165 longant,
659 3091 697 3149 ita
719 3101 795 3167 nux,
819 3090 857 3150 ita
879 3091 996 3165 majus,
1019 3089 1175 3149 debentur.

287 3213 313 3252 eo
335 3193 361 3251 u
383 3194 449 3270 Sto,
469 3193 553 3269 sero,
577 3192 696 3262 scindo,
718 3192 797 3267 mbo,
819 3192 871 3258 do,
891 3191 988 3262 undo,
1013 3186 1116 3266 collige
1138 3191 1262 3268 raptim,
1333 3188 1455 3275 imm

341 3294 491 3355 Praeterita
514 3294 543 3352 in
567 3293 685 3372 primis:
708 3291 780 3352 alias
802 3288 955 3370 dissyllaba
978 3289 1101 3369 produc.

341 3397 366 3455 d
389 3396 483 3457 Sumit
503 3389 589 3470 ituci,
610 3393 719 3465 lector,
741 3411 815 3470 queo
837 3412 905 3454 eum
925 3409 991 3454 sero
1011 3401 1113 3472 stoque
1133 3397 1256 3473 cirroque
1332 3392 1454 3480 (laistim,

341 3496 377 3557 Et
398 3502 459 3557 tino
480 3511 607 3578 cumque
628 3497 735 3565 cltum,
756 3514 827 3574 ruo,
850 3498 903 3571 do,
925 3513 1014 3575 reor3
1035 3477 1124 3556 omne
1146 3495 1272 3559 duarum

342 3598 442 3660 Tende
464 3601 602 3679 supinum
625 3600 709 3678 alias,
732 3608 761 3661 et
783 3599 820 3661 ab
842 3599 899 3660 hoc
921 3616 1103 3678 quaecunque
1125 3607 1278 3669 cruentum

289 3722 315 3761 ss
339 3700 403 3762 Huc
424 3709 521 3762 tamen
544 3710 674 3773 nocuus,
695 3710 826 3764 staturus
848 3701 933 3778 longa
957 3701 1087 3772 notabis,

344 3805 532 3882 anuumque
554 3803 655 3874 simul,
679 3803 786 3884 quibus
807 3811 922 3864 excitus
943 3804 1080 3864 sociatur.

345 3905 370 3963 c
392 3905 424 3965 ln
447 3905 568 3985 reliquis
589 3924 719 3984 praesens
741 3905 804 3965 hec
826 3913 960 3984 tempora
982 3912 1088 3965 cuncta
1108 3912 1287 3985 sequnntur,
1331 3903 1456 3990 mlx,

343 4007 390 4067 Sic
412 4006 475 4068 odio
496 4007 545 4067 dat
565 4007 656 4076 colui,
679 4009 721 4067 sic
743 4006 866 4068 verbnm
889 4008 954 4067 iimo
976 4007 1084 4066 lormat
1104 4007 1219 4077 limaci·

237 4224 350 4277 “Sita
386 4224 587 4300 “ttldava
623 4227 726 4277 Donati
738 4231 856 4293 segm2.
893 4223 990 4292 ulli.
1026 4225 1339 4279 ”Mollioriesonusld
1373 4226 1453 4280 hiis.
1514 4220 1519 4229 ⁷

168 4311 297 4378 perlapsi.
354 4311 373 4345 ⁸¹
393 4319 435 4361 ter
452 4327 464 4363 e
478 4327 529 4376 pro
549 4314 610 4361 aei.
662 4312 772 4375 preitl.
826 4310 848 4344 ⁸⁸
865 4312 965 4361 sine2.
1017 4310 1039 4342 77
1057 4308 1186 4376 fastigio]
1206 4318 1332 4374 accendo,
1355 4316 1452 4376 apices.

167 4397 190 4431 ⁸¹
209 4412 286 4461 rpro
303 4411 328 4446 ae
347 4400 370 4447 t,
438 4395 461 4428 ⁶⁰
479 4393 575 4460 dictio]
599 4411 657 4460 qrroe
675 4396 794 4459 pluribus
817 4413 890 4462 piram
910 4396 991 4445 tribou
1014 4395 1118 4456 syllabis
1139 4403 1248 4446 constat
1317 4397 1451 4467 modies.

135 4481 191 4547 ,77
209 4483 359 4531 Continent
377 4485 417 4530 n.
470 4494 516 4544 qua
529 4484 551 4528 1.
604 4479 623 4512 77
643 4478 704 4531 (itta
716 4484 739 4529 1.
793 4479 815 4511 77
833 4482 955 4544 quintet.
1003 4481 1252 4531 dederttnationis.
1297 4481 1453 4535 '‘beioed.

168 4556 513 4633 popalu,nlotaiu‚1rrrde
533 4565 793 4628 ειοὴονόα,ρὶιιεῦα.
845 4564 867 4597 ⁷⁸
885 4563 1010 4629 piscis&
1029 4564 1163 4629 uxisd.(l)
1182 4567 1306 4631 pixisld.
1359 4567 1380 4601 ⁸⁰
1397 4569 1454 4635 ‚u-

168 4653 243 4704 trritc
263 4655 284 4700 t.
303 4657 328 4700 et
345 4653 476 4701 sieudi.
541 4649 560 4682 ⁶¹
581 4651 737 4699 Praeterita
757 4651 797 4698 itu
816 4649 842 4697 in
863 4652 902 4698 ts.
966 4648 1126 4713 dyssyllcbn
1143 4654 1217 4702 ets.
1281 4650 1411 4711 773551ιί5
1429 4658 1452 4703 1.

168 4739 193 4785 2.
203 4737 242 4785 11.
251 4739 290 4784 n.
299 4739 339 4788 19.
358 4738 421 4785 Sum
441 4736 463 4784 is
483 4737 506 4784 d.
559 4732 581 4767 ⁸⁵
596 4735 689 4788 stritus
702 4738 725 4784 i.
747 4734 836 4785 exitus
847 4739 873 4784 2.
892 4733 998 4784 excitus
1016 4736 1037 4796 li
1051 4734 1076 4797 l>
1091 4737 1178 4785 icit.
1188 4739 1227 4789 1⁹.
1280 4736 1303 4770 ⁶²
1319 4739 1411 4804 parim
1429 4741 1453 4788 1.
