3270 5354
480 1198 658 1276 VLRIOI
698 1197 935 1275 HVTTENI

402 1321 456 1382 DE
486 1320 597 1383 ARTE
628 1315 1003 1382 vaustrtchruutt

535 1435 677 1484 GARMEN
698 1434 879 1482 HEROIGVH

197 1520 246 1572 AD
264 1521 428 1573 lotarium
446 1523 493 1573 ΕΤ
511 1524 759 1597 Anaxarchum
777 1519 982 1573 OSTHENIOS
999 1516 1219 1570 Porthmos

643 1628 771 1671 ruom'r.

238 1758 310 1831 Quis
332 1759 436 1820 modus
458 1769 488 1821 et
509 1778 574 1839 quae
596 1761 653 1821 sint
674 1759 822 1821 servanda
845 1760 874 1820 in
897 1757 1026 1819 carmine
1048 1755 1144 1835 leges,

237 1859 273 1920 Et
294 1879 353 1940 quo
376 1879 500 1941 quaeque
521 1880 607 1923 suurn
630 1862 776 1924 distendat
796 1859 906 1943 syllaba
928 1866 1059 1939 tempus,

235 1961 345 2022 Littera
368 1981 440 2041 quaa
462 1965 539 2025 vires
560 1963 681 2034 habeat,
705 1980 822 2044 quoque
844 1963 947 2023 ordine
968 1966 1075 2030 mutet,

235 2062 338 2124 Omnia
361 2064 513 2126 discutiam
536 2065 647 2145 paucis.
690 2065 762 2136 huc,
785 2064 849 2126 laeta
872 2066 1022 2133 iuventus,
1213 2060 1350 2149 W

198 2189 211 2228 a
237 2165 324 2227 Verte
346 2167 436 2226 animi
457 2173 556 2228 votum
579 2167 799 2246 sitibundasque
820 2164 920 2228 imbue
942 2164 1056 2231 fauces:

236 2266 317 2337 Non,
345 2267 412 2347 quia
433 2276 576 2347 praeterea
598 2270 741 2348 scriptum
763 2267 835 2329 nihil
858 2266 928 2351 utile
950 2266 1057 2335 dicam,

236 2369 293 2429 Sed
316 2370 383 2448 quia
406 2388 513 2431 munus
534 2369 625 2433 habes
646 2373 744 2432 anirno
767 2377 899 2450 gratante
920 2368 1095 2450 proiectum.

237 2469 387 2548 Improbat
408 2470 553 2532 iataahcet
575 2473 622 2533 cui
644 2480 772 2533 mentem
794 2473 895 2533 insana
918 2470 1010 2532 libido

237 2572 382 2652 Carpenrii
403 2572 501 2634 studio
523 2580 621 2635 rexat:
645 2574 716 2635 rnihi
737 2575 814 2636 sarna
837 2573 970 2635 trahatur

188 2694 213 2735 ro
236 2673 328 2753 inque
351 2673 413 2736 dies
434 2674 505 2736 mihi
526 2682 638 2756 perstet
659 2676 767 2746 honos,
790 2675 860 2737 mihi
883 2673 975 2753 gloria
998 2682 1115 2754 surgat:

236 2776 292 2848 Qut
314 2775 395 2848 vehi,
418 2777 545 2839 inrideat
566 2796 656 2857 seque
678 2777 735 2838 hoc
757 2795 881 2839 merore
903 2776 1012 2855 fatiget.

237 2978 344 3039 Littera
369 2979 446 3056 apud
469 2979 565 3041 Latios
586 2980 641 3041 isto
664 2980 832 3041 discrimine
854 2980 949 3040 fertur
1247 2978 1350 3064 iarun.

236 3079 366 3141 ‘vocalis'
389 3081 519 3148 criticos,
544 3082 621 3161 quod
645 3100 732 3142 voces
753 3083 865 3160 integra
888 3080 1005 3141 reddat:
1250 3079 1352 3164 irase..

236 3180 324 3242 Tales
346 3182 475 3261 quinque
498 3188 614 3261 putant,
637 3203 652 3261 ι)
675 3183 775 3244 Graeca
799 3181 904 3243 exinde
926 3187 1067 3250 retracta;

187 3304 211 3344 ra
236 3283 400 3354 ‘Cousoua',
425 3283 503 3362 quod
526 3302 612 3345 voces
634 3281 675 3344 nil
697 3291 812 3345 rnutaus
835 3283 950 3343 adiuvat
971 3283 1062 3361 ipsas,
1199 3280 1353 3366 ica-mma.

240 3385 272 3446 ln
296 3404 328 3446 se
351 3383 429 3446 nulia
452 3392 564 3455 umen,
588 3386 642 3446 nisi
665 3386 785 3447 vocibus
806 3385 903 3447 addita
926 3386 1022 3446 rectis.

241 3487 351 3548 Harum
374 3486 478 3567 aliquae
500 3487 586 3549 nohis
609 3506 697 3549 vanos
720 3488 890 3551 referuntur
912 3488 948 3549 ad
972 3506 1057 3550 usus:

154 3582 161 3595 “
241 3590 311 3661 Quae
333 3591 405 3659 sint,
429 3589 508 3652 disce
530 3588 628 3660 brevi,
652 3590 794 3670 quibust
817 3609 875 3651 non
898 3600 1014 3652 assonat
1035 3592 1114 3670 ipsis.

242 3693 273 3753 a
295 3700 392 3753 tarnen
416 3710 433 3752 n
455 3693 584 3754 iunctum
608 3694 714 3753 stetin
737 3711 790 3781 usu
814 3693 947 3754 crehrius
968 3691 1033 3762 ilio,

188 3814 214 3853 ro
237 3794 274 3856 Ut
295 3810 416 3872 sequor,
439 3802 472 3854 nt
493 3799 631 3869 quostiam
641 3817 652 3865 ,⁴
674 3802 757 3856 vetus
780 3802 824 3856 est
845 3796 999 3874 scripsisse
1020 3796 1189 3866 kalendas,-

241 3891 269 3972 3
293 3903 360 3957 nota
383 3894 531 3957 nonnuliis
553 3898 631 3958 venit
651 3898 789 3975 aspiratio
812 3895 922 3977 verbis.
1205 3895 1353 3980 ituroru-

69 4014 272 4025 ---

137 4088 179 4148 It'e
199 4101 378 4166 trascriptione
398 4101 434 4150 cf.
447 4099 506 4150 ind.
520 4097 587 4149 bibi.
599 4099 677 4149 Hntt.
692 4098 710 4148 l.
724 4115 748 4150 c.
806 4096 815 4132 ¹
832 4113 879 4165 qna
897 4102 921 4151 1.
977 4098 1122 4150 servandae
1139 4103 1215 4151 etium
1231 4102 1353 4152 9.17.19.

69 4183 362 4234 remandaturi.
414 4182 515 4249 'queat
535 4186 591 4233 Η.
645 4182 808 4234 'Literah
827 4185 1024 4256 ubiqueonot.
1075 4182 1204 4239 ⁴tseur.
1257 4185 1354 4235 duacu-

69 4270 136 4318 tiam
156 4272 195 4318 19.
247 4267 403 4332 &minutim
416 4271 439 4319 1.
492 4268 636 4318 Lemmata
654 4268 688 4318 ad
706 4270 845 4334 margines
862 4283 987 4319 vanuum
1005 4267 1081 4318 nulla
1098 4269 1272 4320 habentm.
1323 4270 1355 4320 ln

71 4357 110 4403 11.
121 4356 209 4403 17.19.
229 4355 325 4403 eadem
344 4369 377 4402 ex
390 4356 414 4402 1.
432 4357 541 4419 sumpta
559 4358 629 4415 snut,
642 4353 839 4418 orthographia
850 4353 953 4419 passim
965 4356 1080 4415 mutata,
1093 4352 1127 4402 (ia
1140 4368 1194 4418 qna
1206 4368 1260 4403 non
1272 4353 1355 4405 adno-

70 4440 144 4488 taho.
208 4437 429 4501 ‘sitabunriasrss
447 4441 472 4486 2.
535 4437 666 4499 ⁶p2rtrrta
685 4441 789 4488 Mn.
853 4438 891 4487 nii
910 4441 935 4487 2.
998 4436 1080 4486 'ista
1099 4440 1124 4489 2.
1187 4436 1354 4504 ¹⁰1dquei.

71 4521 89 4554 ¹¹
110 4539 231 4574 moerore
251 4526 452 4573 2.t.rr.17.ra.
517 4522 617 4586 satget.
633 4526 671 4571 1⁹.
736 4520 759 4554 ¹¹
776 4523 889 4573 Litoroe.
908 4524 944 4572 ad
959 4537 1039 4587 uturp.
1054 4525 1094 4572 11.
1158 4521 1354 4575 ¹³Vocabia2.

70 4606 91 4640 ¹⁴
110 4622 176 4672 atrro
195 4611 218 4658 1.
282 4606 304 4640 ¹⁸
322 4605 505 4671 vocib.ract.]
523 4608 651 4658 oocaiihna
668 4610 768 4659 littorio.
824 4605 1039 4658 “anacastra
1097 4605 1118 4638 ¹⁸
1136 4605 1177 4674 Φ]
1198 4609 1224 4658 Η
1242 4614 1267 4659 2.
1286 4611 1310 4660 0
1329 4614 1354 4661 4.

73 4695 111 4743 tr.
122 4696 160 4742 tr.
170 4696 208 4742 19.
272 4690 295 4724 ¹⁰
313 4692 443 4742 calendas
462 4695 535 4742 mi.
544 4696 582 4742 17.
603 4693 645 4742 Cf.
660 4691 823 4755 Quintilian.
837 4693 903 4743 last.
916 4708 954 4744 or.
969 4693 990 4743 1.
1004 4692 1027 4755 7,
1045 4702 1076 4742 to.
