3270 5354
272 402 395 441 ΕΠἮΙΙ
409 404 440 439 Ill
453 403 649 439 ΒΧΟΕΡΉΟΗΕΙ
663 404 848 440 HOGVllTlllAH
861 403 983 439 aarum
996 405 1201 441 PANBGTRICVB·
1306 373 1380 447 363

237 578 276 620 aso
292 556 448 630 „lnloelix,
472 576 538 638 qnae
560 557 646 637 culpa
670 578 734 619 mea
758 562 820 620 cst‘t
844 579 902 639 quo
925 562 1048 621 crimine
1071 560 1147 629 laesi,

288 660 379 733 „Qua
401 677 460 721 uon
483 661 616 721 demerui
639 679 764 740 superos
786 663 894 739 pietate
917 662 1051 741 saleque?

289 761 401 835 „Quod
424 764 528 840 genui,
552 764 689 839 genuisse
712 762 828 833 rolenS,
852 763 1000 831 avellitur:
1024 766 1053 824 in
1077 782 1136 842 quo

288 865 406 943 „Spem
428 865 528 943 posui,
552 867 665 943 rapitur
688 865 851 944 Stygiisque
874 867 1060 943 inrnaergitur
1083 866 1178 927 aridis.

288 965 376 1037 „Nec
397 966 495 1028 scelus
517 966 589 1035 hoc,
614 966 705 1026 latum
729 974 781 1026 est.
804 976 834 1027 at
856 986 914 1027 non
937 969 1067 1029 Briareia
1092 967 1240 1047 quondam

237 1087 277 1129 aas
293 1069 392 1139 „Cum
414 1074 550 1147 peterent
573 1076 718 1129 tormenta
741 1069 839 1129 lovem
862 1078 1039 1148 centumque
1061 1069 1188 1131 lacertos

292 1170 464 1239 „Tenderet
485 1172 612 1249 aegeon
634 1171 761 1231 Pindum
785 1169 926 1232 iaculatus
948 1181 978 1232 et
1000 1171 1109 1239 Ossan,

289 1273 444 1344 „blitteret
465 1272 630 1334 Enceladus
652 1273 791 1352 scopulos
813 1275 984 1353 sureretque
1006 1274 1177 1354 Typhoeus,

291 1376 377 1446 „iret
398 1377 429 1435 in
452 1374 592 1436 adversos
615 1374 709 1454 pubes
731 1375 843 1436 Titania
868 1374 974 1444 coelos,

291 1477 493 1556 „Oppugnata
516 1496 599 1539 meos
622 1479 755 1538 concessi
776 1479 806 1536 in
829 1478 934 1556 sydera
957 1485 1082 1538 trientes.

238 1600 277 1639 soo
293 1578 364 1649 „hle
386 1580 540 1650 miseram,
564 1581 643 1659 qnod
667 1599 725 1639 non
749 1579 831 1639 volui
849 1587 963 1641 tentare
986 1589 1109 1658 repente

291 1681 431 1751 „Cuncta
453 1683 536 1761 prius
557 1700 612 1760 per
635 1690 663 1743 te
686 1684 837 1760 latumque
861 1684 972 1743 anteire
995 1683 1111 1760 tuisque

292 1783 435 1854 „Viribus
456 1784 494 1845 ad
516 1786 625 1844 maiora
650 1784 726 1853 hui,
750 1803 815 1863 qim
838 1784 926 1845 inulta
951 1785 1087 1844 inissent:

292 1886 381 1956 „lloc
402 1903 458 1963 ego
481 1885 627 1946 debebam
650 1887 775 1946 Venetas
797 1888 908 1947 intrare
930 1885 1067 1964 paludes,

292 1988 383 2058 „lloe
405 1987 480 2049 dirce
503 1988 648 2049 debebam
672 1987 820 2050 Celtarum
844 1988 1002 2050 excindere
1024 1989 1156 2057 fraudes,

238 2110 277 2150 sos
292 2089 482 2159 „Turcarum
506 2088 620 2151 calcare
643 2090 756 2168 nephas
778 2092 934 2168 Asiamque
956 2090 1094 2169 perdendo

292 2191 435 2261 „Emere
457 2193 582 2271 imperio
605 2201 634 2253 ct
657 2201 827 2269 congestam
850 2193 999 2254 abducere
1021 2192 1151 2272 prodam

291 2340 310 2363 „
319 2293 446 2355 Bistonia
469 2294 584 2356 Thrace
607 2293 805 2373 locupletique
827 2294 1027 2374 Hellesponto.

290 2443 309 2466 „
317 2396 426 2457 Verum
447 2395 533 2457 aliter
556 2397 648 2457 visum
670 2399 800 2475 superis,
823 2405 925 2474 teque,
949 2395 1056 2477 inelyte
1078 2398 1187 2466 victor,

293 2497 424 2566 „loridit
446 2498 576 2559 Fortuna
600 2498 671 2559 mihi
695 2501 849 2579 rapuitque
873 2499 1007 2561 laborum

239 2619 281 2663 aro
296 2601 354 2671 „ln
377 2600 474 2661 medio
497 2618 602 2661 cursu:
626 2607 657 2660 tu
680 2601 756 2662 lnrvi
779 2600 885 2681 pallida
908 2602 980 2662 Ditis

293 2702 421 2780 „Regna
443 2710 525 2780 petes
548 2704 721 2782 Stygiasque
744 2703 849 2763 domus
872 2710 901 2764 et
924 2702 1030 2780 pallida
1054 2704 1155 2764 Noctis

293 2804 410 2874 „hatra
433 2805 667 2883 tenebrososqnc
688 2824 809 2884 specus,
833 2805 1007 2883 penitusque
1030 2804 1135 2865 latebis

292 2906 397 2976 „Orbe
421 2905 494 2976 alio,
517 2905 604 2967 claris
627 2907 716 2966 heros
739 2915 839 2984 erepte
864 2907 1023 2984 trophaeis?

293 3009 390 3081 „Quis
412 3008 491 3070 volet
512 3008 567 3068 hos
591 3007 686 3069 vultus
709 3009 870 3069 iahret'acto
894 3010 1035 3086 ellingere
1058 3010 1087 3067 in
1110 3027 1198 3076 auro,

241 3129 279 3169 ars
295 3110 469 3180 „Marmore
492 3128 542 3172 seu
567 3111 669 3180 l'ario,
694 3111 794 3170 lusove
817 3113 948 3171 aninrare
971 3109 1107 3170 metallo?

292 3212 377 3282 „Vos
399 3211 644 3292 unumpracbete
668 3213 756 3279 mihi,
780 3215 803 3272 si
827 3213 923 3273 debita
947 3231 1054 3290 posco,
1272 3208 1384 3287 *affigi*

293 3314 432 3382 „Sinon
456 3312 528 3375 salsa
550 3334 617 3376 raico
641 3323 685 3375 est
707 3316 849 3393 promissa
873 3317 1003 3394 protentio
1026 3314 1129 3374 ltheno

293 3415 408 3486 „Orbis
430 3424 459 3477 et
481 3419 638 3495 imperium
662 3417 778 3486 rrrurrrli,
802 3418 826 3476 si
849 3436 908 3477 non
932 3436 995 3477 inea
1018 3415 1104 3477 tellus

292 3517 442 3597 „Phlegra
465 3519 534 3587 luit,
558 3522 672 3598 superi,
696 3518 800 3580 saltem
824 3519 878 3580 hoc
901 3520 1067 3588 concedite,
1091 3527 1183 3580 restet

154 3721 190 3754 Μ
207 3720 310 3772 Infelix
329 3725 387 3772 Μ.
407 3724 444 3785 (nt
461 3723 528 3789 aliq.
543 3721 571 3785 a)
624 3722 657 3755 ²⁹⁴
676 3738 737 3773 eum
755 3725 872 3774 'Titanes
891 3725 988 3775 eoeltrm
1007 3729 1204 3790 expugnarent.
1225 3724 1262 3774 cs.
1275 3725 1384 3773 Ileslod.

151 3824 193 3873 og.
214 3811 243 3856 et
264 3808 343 3871 Verp.
355 3807 423 3857 Aen.
439 3809 472 3856 Χ.
484 3808 543 3858 aab.
557 3825 615 3873 sqq.
634 3810 768 3858 Briorcon
792 3811 831 3858 dii
856 3812 1041 3859 centimanum
1065 3811 1207 3860 vocabant
1225 3824 1285 3858 oum
1304 3824 1384 3872 quem

151 3906 230 3943 nona
246 3891 380 3942 homines.
400 3893 475 3942 Hom.
490 3893 629 3942 ll.l.40·.'.
677 3893 710 3924 ²⁹⁰
730 3895 765 3943 ef.
785 3896 863 3958 Vorp.
877 3911 971 3959 georg.
985 3896 1005 3944 1.
1019 3894 1078 3947 280.
1091 3911 1131 3959 sq,
1184 3895 1382 3957 hegeont...6.

151 3976 302 4027 Enceladus
326 3978 501 4027 centimanus
525 3978 637 4027 'Tartari
661 3980 809 4044 'Terraeque
834 3980 907 4029 filius
931 3980 1028 4029 Sicilia
1053 3980 1243 4044 superiniecta
1266 3978 1385 4029 domitus

158 4060 198 4112 ei.
214 4063 294 4127 Ver-g.
308 4061 376 4111 Aen.
389 4062 441 4111 111.
454 4062 513 4111 575.
528 4078 586 4127 sqq.
645 4063 792 4128 Typhoeus
811 4067 955 4130 centiceps
973 4065 1108 4114 Enceladi
1128 4066 1224 4124 frater,
1243 4064 1384 4113 noxiorum

151 4161 353 4212 omniparens,
373 4148 449 4198 Iovis
461 4147 576 4197 fulmine
589 4149 618 4197 in
630 4148 777 4199 'Tartarum
791 4151 923 4199 deiectus.
942 4151 968 4199 V
966 4165 1020 4212 erp
1035 4165 1129 4213 georg.
1144 4149 1166 4197 l.
1181 4146 1241 4198 ⁶279.
1254 4149 1322 4199 Aen.
1337 4148 1384 4199 IX.

164 4232 323 4298 Typhoeus,
343 4237 367 4283 5.
416 4231 449 4264 ”⁸
467 4232 554 4298 pubes
568 4232 692 4299 Titania]
707 4236 830 4296 Titanes,
845 4235 984 4284 Uranides
998 4234 1095 4283 caelum
1114 4234 1305 4298 expugnatori.
1324 4234 1385 4297 Ego

155 4316 604 4382 lnimicisauperumauxilionon
623 4319 671 4368 lui.
726 4320 784 4369 eret.
800 4325 826 4371 3.
840 4320 905 4384 nbiq.
921 4336 953 4367 so.
1006 4316 1040 4349 ³⁰⁴
1060 4316 1210 4383 Celtarum]
1231 4318 1383 4369 Gallorum:

151 4401 245 4455 oricus
256 4402 320 4452 XII.
336 4417 361 4452 a.
376 4401 450 4452 1513.
464 4418 525 4453 enm
538 4403 654 4453 Venetis
673 4419 770 4469 pacem
790 4405 900 4466 inierat,
921 4404 1026 4453 Cusnri
1041 4403 1193 4453 adversam.
1247 4403 1281 4435 ³⁰⁷
1300 4405 1385 4454 'l'hra-

151 4486 325 4537 catatonum
344 4486 557 4537 bellicosissimo
576 4504 624 4538 sno
643 4489 755 4553 populo,
775 4504 874 4538 nornen
893 4489 1051 4550 allisione,
1071 4489 1168 4538 Martis
1187 4494 1215 4539 et
1228 4488 1385 4540 Calirrhoes

151 4571 342 4635 ,deducenta,
361 4573 490 4623 Bistonia
509 4574 569 4638 ipsa
588 4573 745 4639 adpellata,
765 4574 864 4623 Turcis
876 4573 1013 4623 subiecta.
1032 4574 1156 4623 Bistonis
1169 4578 1252 4624 terra.
1267 4574 1337 4625 Ouid.
1351 4592 1385 4625 ex

151 4655 300 4720 talhllpt.
341 4654 428 4722 ³⁰⁸ta]
443 4657 566 4708 Albcrte.
607 4655 741 4723 l'⁰Ditis]
758 4659 891 4708 Plutonis.
912 4659 965 4707 atri
979 4659 1066 4708 Ditis:
1090 4660 1310 4722 l'erp.Aen.V1.
1327 4659 1382 4711 127.

151 4740 254 4793 trebete
271 4747 297 4794 5.
350 4740 384 4775 ³¹⁹
400 4741 533 4810 Phlegra]
555 4743 684 4809 oppidum
703 4743 889 4804 blacadoniae,
913 4743 1042 4807 Pallene,
1066 4744 1149 4807 „ubi,
1172 4749 1321 4809 antequam
1339 4762 1385 4817 op·
