3270 5354
276 355 347 427 178
371 385 489 421 fluum
503 386 538 421 DE
553 386 643 441 nmio
658 384 807 421 svsc.t1>v.
820 385 966 421 ἿΕΝΒΜΤ
980 384 1086 421 TVBCAS
1100 384 1205 420 ousta
1217 384 1350 419 ΙΔΧΙΙῙΙι.
1361 384 1429 421 RVG·
1439 385 1533 421 mesa.
1588 351 1591 356 '

271 559 333 598 cum
353 544 439 614 copiis
461 553 613 596 concrescere
634 540 748 594 arrimuti
765 554 819 609 pro
838 541 1012 594 saeratissimo
1034 546 1110 593 terra
1130 542 1216 603 mari‚·
1240 543 1385 611 pen'ernmt
1403 542 1434 597 in
1456 539 1563 613 Syriam

271 628 386 683 nominas
407 625 597 696 transportari
601 647 609 685 ;
642 624 785 680 Venetiam
800 629 914 693 occepta
935 623 1061 679 mercede
1082 624 1213 680 adversos
1230 631 1323 682 oentm
1340 626 1503 683 malentes
1522 641 1563 682 eas

270 715 299 767 in
320 710 461 769 Dalmatia
480 714 672 780 exposuerunt
693 717 830 763 eteorum
853 724 939 778 opera
961 711 1006 762 usi
1025 714 1089 763 sunt
1110 709 1149 763 ad
1166 707 1303 765 [oderam.
1324 725 1360 765 ac
1378 711 1453 767 alios
1474 712 1563 767 dnu-

270 803 311 852 tes
336 813 398 869 quoe
419 794 622 851 rebellauerant
654 810 672 846 a
700 793 807 849 Venetis
835 793 1024 863 recipiendas:
1051 795 1159 848 interim
1180 792 1380 867 lherosolymoe
1405 797 1561 866 capiuntur,

270 897 326 938 nou
343 880 450 953 quidm
463 878 681 936 Christianarum
702 878 872 948 ueplipentia,
895 886 924 932 ut
937 878 1065 949 plerique
1083 878 1263 945 arbitrantia,
1285 878 1337 935 sed
1354 879 1420 936 dolo
1441 895 1479 939 aa
1495 891 1579 951 pro-s

271 966 370 1020 ditione
405 963 576 1020 Venetorum.
619 963 681 1035 quis
712 962 757 1017 hic
789 979 844 1018 aon
877 963 1065 1033 vociferaret„
1091 963 1323 1031 excandesceret,
1356 965 1562 1037 irmemisccrett

129 1113 133 1121 1
203 1053 261 1104 137.
270 1040 412 1125 ᾙἫ
441 1048 540 1104 Pisani
563 1046 693 1119 quamdiu
717 1048 888 1117 floruerunt,
920 1047 1077 1102 Genuenses
1101 1050 1177 1103 omni
1201 1053 1324 1121 tempore
1346 1046 1514 1105 ohram
1536 1050 1562 1103 in

269 1137 372 1190 oriente
391 1132 577 1191 laborantibus
596 1134 654 1186 suis
680 1131 815 1186 classibus
839 1131 1038 1194 srrboenerane,
1060 1138 1089 1187 at
1116 1132 1260 1191 Veneriam·
1283 1147 1397 1205 semper
1424 1133 1510 1205 irsfidi
1529 1148 1561 1189 ac

266 1217 458 1290 fraudulenti,
479 1230 590 1288 semper
610 1216 737 1271 crudeles
759 1219 915 1271 extiterunt.
958 1216 1013 1271 Hic
1033 1217 1117 1271 multa
1133 1223 1270 1288 praeterea
1291 1218 1328 1274 de
1349 1216 1440 1290 Sophi
1459 1216 1559 1275 Persa·

267 1294 376 1375 mx
387 1294 393 1381 1
421 1319 485 1357 rum
503 1315 581 1373 repe,
602 1303 651 1372 qui
670 1302 821 1356 marimum
839 1316 907 1355 cum
932 1301 1031 1356 Turcis
1048 1302 1145 1357 bellum
1165 1304 1250 1374 perit,
1273 1304 1355 1361 citius
1375 1310 1506 1361 mulares
1525 1302 1586 1359 adst

269 1387 439 1445 Cluentianae
447 1387 593 1458 principes
609 1387 745 1440 uenientes
763 1385 905 1442 Venetiaui
915 1386 1090 1441 retrocedere
1103 1395 1258 1459 coeperunt.
1280 1390 1371 1443 omitto
1385 1389 1468 1462 lanpe
1477 1388 1559 1460 plura

268 1464 425 1547 mm}
454 1471 488 1527 de
512 1470 662 1525 Emanuele
688 1470 764 1542 Repe
791 1470 986 1525 Lusitanorum
1011 1486 1046 1524 ac
1068 1471 1332 1544 Partupallensium,
1361 1475 1412 1545 qui
1436 1489 1521 1548 quom
1541 1490 1559 1527 a

268 1564 343 1627 serpo
364 1555 461 1627 libya
481 1557 510 1611 in
529 1568 609 1609 mare
630 1554 744 1610 rubrum
772 1556 877 1610 classes
902 1556 1002 1610 multas
1025 1546 1081 1610 iam
1103 1558 1208 1612 miserit
1234 1563 1260 1612 et
1278 1556 1413 1629 Aepypti,
1440 1557 1558 1624 Arabim

268 1640 406 1708 Persidis,
440 1639 629 1707 Carmania,
663 1638 766 1706 ludia»,
803 1639 978 1710 Taprobane
1002 1642 1074 1711 fines
1096 1643 1247 1712 populatus
1271 1640 1377 1713 fetent,
1403 1658 1422 1696 a
1457 1642 1559 1698 Venetis

268 1741 367 1797 mopuo
388 1725 451 1781 adia
469 1724 578 1780 habitus
598 1730 654 1791 est,
680 1724 755 1794 quod
772 1739 818 1779 eas
834 1727 863 1778 in
881 1726 1035 1781 societatem
1056 1726 1128 1781 iltius
1146 1727 1296 1781 commemii
1318 1728 1448 1798 racipere
1467 1728 1583 1793 uomitu

267 1811 300 1867 ob
318 1824 434 1881 caraque
453 1824 569 1865 eausam
585 1808 702 1881 fabros,
728 1811 886 1877 materiam,
912 1827 993 1864 arma
1013 1808 1135 1865 Saldauo
1157 1797 1353 1883 Aepp'pdoram
1370 1817 1493 1883 tyrum
1513 1813 1557 1865 mi·

268 1901 391 1963 serunt,
404 1901 434 1951 ut
450 1894 588 1966 aedificata
608 1902 689 1967 atque
706 1895 840 1949 instructu
863 1897 953 1949 classe
968 1893 1192 1966 Portupollenses
1213 1912 1231 1949 a
1250 1897 1334 1951 tantis
1352 1898 1471 1969 inceptas
1489 1910 1558 1951 stam·

198 1984 257 2036 §.ss
267 1985 393 2037 moueret.
437 1985 550 2034 transeo
569 1993 631 2051 arete
652 1981 679 2032 iu
701 1978 803 2049 Cypro,
826 1981 854 2035 in
878 1979 968 2046 Creta,
991 1982 1020 2034 in
1038 1979 1136 2047 Ponto,
1163 1981 1190 2034 in
1211 1979 1416 2052 Peloparmeso,
1436 1982 1468 2035 in
1481 1981 1557 2039 onti-

266 2064 317 2121 bus
338 2063 503 2137 cycladibus
524 2070 622 2119 contra
645 2061 813 2118 Christianos
831 2070 1030 2134 patraverunt,
1060 2078 1095 2118 ue
1122 2071 1228 2119 uestras
1243 2066 1463 2139 patieretissimas
1478 2078 1557 2121 aura

266 2165 363 2206 eorum
389 2149 537 2205 sceleribus
564 2148 677 2202 ulterius
703 2146 866 2202 obtundam:
898 2144 993 2203 unum'
1010 2155 1113 2203 tanetum
1138 2150 1227 2205 dcam
1258 2156 1285 2205 et
1301 2150 1369 2221 finis
1393 2151 1456 2205 erit.
1500 2148 1581 2222 Idu-u

267 2227 382 2310 eneam}
411 2233 498 2289 draus
523 2234 617 2289 ciuitas
642 2239 683 2287 est
703 2231 906 2287 Salentinorum
935 2234 963 2287 iu
990 2235 1122 2288 extremis
1144 2235 1201 2289 oris
1231 2234 1338 2291 Italr'ee:
1364 2232 1441 2289 haue
1467 2233 1557 2291 aba·

270 2319 371 2375 Turcoe
386 2322 463 2378 terra
484 2319 609 2389 marique
628 2317 752 2372 obsidere
770 2318 861 2372 adorti
876 2324 950 2374 sunt.
994 2318 1039 2372 itta
1061 2318 1151 2373 Italiae
1175 2320 1260 2391 repio,
1279 2334 1342 2390 quea
1362 2325 1440 2375 certe
1460 2334 1557 2391 maan

266 2419 303 2459 ae
320 2402 494 2477 fertilissima
514 2408 569 2469 est,
596 2401 636 2456 ael
658 2402 803 2473 Carponos
829 2417 915 2474 usque
936 2408 1039 2458 montes
1063 2408 1117 2457 tota
1141 2402 1299 2459 Yurcarum
1314 2403 1439 2475 flammis
1458 2417 1556 2461 aare·

165 2480 173 2495 '
266 2488 364 2556 batim,
386 2493 413 2543 et
431 2489 488 2543 iam
507 2504 563 2542 non
584 2501 668 2558 repuo
691 2486 792 2541 Sicilia
813 2493 933 2553 raretum,
956 2486 1006 2541 sed
1026 2485 1138 2554 Romae,
1166 2489 1327 2545 sanctuario
1348 2487 1409 2557 dei,
1430 2489 1484 2545 sed
1501 2487 1555 2544 Ita·

266 2573 311 2629 lits
339 2588 376 2629 ac
403 2575 451 2628 toti
477 2571 674 2629 Christianituti
695 2571 861 2627 timebamus.
907 2573 967 2643 quis
996 2578 1052 2625 tum
1079 2572 1296 2630 Christianorum
1324 2588 1382 2629 nore
1415 2574 1581 2646 inueneritis

266 2660 327 2729 quis
347 2672 427 2730 opem
447 2674 503 2713 nan
521 2657 595 2724 tulit,
623 2672 704 2728 quom
733 2656 768 2710 ab
797 2656 928 2728 liuparrs,
958 2655 992 2710 ab
1020 2663 1144 2712 extremo
1171 2659 1356 2730 septentrione
1381 2663 1469 2731 amus
1489 2659 1556 2717 acsi·

268 2742 347 2799 mute
361 2741 482 2814 undique
504 2731 610 2799 auxilia
632 2745 833 2807 conuenissent,
856 2746 881 2795 et
901 2757 955 2796 roan
975 2742 1117 2812 principes
1139 2758 1174 2796 ac
1194 2744 1314 2800 ciuitates
1328 2743 1427 2810 solum,
1447 2742 1500 2801 sed
1512 2741 1556 2816 fa·

198 2827 350 2883 §.remilia
376 2826 502 2898 fratrum
527 2826 740 2882 mendicantium
766 2840 873 2898 quaque
899 2825 1023 2880 subsidia
1047 2833 1230 2898 praestarent,
1261 2827 1314 2883 soli
1346 2824 1494 2884 Vmietiani
1516 2826 1559 2900 quei

264 2903 541 2993 mmmmmssffl
573 2918 628 2966 tum
653 2912 768 2965 classem
796 2912 1005 2981 paratissimam
1035 2927 1070 2965 nc
1102 2913 1338 2968 instructissimam
1369 2914 1401 2968 im
1430 2911 1558 2981 macharis

266 2998 398 3071 Corcyrae
418 2997 558 3063 tenebam,
585 2997 634 3068 qui
653 2997 705 3050 soli
724 2995 889 3051 obsidionem
909 2997 1015 3051 soluere
1030 2998 1197 3067 potuissent,
1222 2997 1274 3051 soli
1291 3003 1481 3069 spectatores,
1507 3012 1584 3057 uass

263 3082 446 3138 auxiliatores
474 3096 535 3139 esse
565 3083 732 3136 maluerunt.
775 3081 842 3153 quid
870 3082 1070 3135 auxiliatores)
1105 3082 1185 3137 immo
1210 3081 1370 3153 proditores
1401 3085 1556 3147 ausuram

262 3183 345 3241 quam
363 3168 513 3223 simultates
527 3174 656 3238 gererent
674 3182 735 3221 cum
760 3165 937 3220 Ferdinaudo
958 3179 1023 3236 repe
1038 3164 1281 3237 Neapolitanorum
1299 3172 1421 3239 propter
1436 3166 1555 3241 Alpion·

265 3265 328 3307 sum
346 3252 443 3322 filium,
464 3253 512 3323 qui
531 3257 596 3307 tunc
615 3251 778 3307 Hetruriam
801 3250 867 3305 bello
889 3250 1035 3321 quatiebat,
1055 3251 1177 3305 timentes
1196 3265 1232 3306 ne
1252 3253 1343 3307 maior
1358 3251 1460 3323 fieret,-
1479 3266 1557 3326 quon

265 3337 321 3407 ipsi
338 3353 393 3392 non
409 3343 538 3409 possent,
557 3351 614 3407 per
631 3336 739 3409 Yurcas
761 3337 879 3390 iniurias
900 3349 967 3389 suas
989 3336 1085 3389 ulcisci
1103 3336 1272 3403 maluerunt,
1297 3343 1380 3409 mque
1396 3338 1438 3393 ita
1452 3336 1558 3395 Tarsus

198 3422 295 3482 §.toda
316 3419 428 3477 Italiam
449 3437 468 3476 a
487 3423 544 3476 suis
564 3421 714 3477 ceruicibus
735 3423 898 3476 reiecerunt.
941 3419 1131 3489 recordamini
1149 3422 1279 3493 temporis
1299 3421 1390 3489 illius,
1418 3437 1503 3493 quon
1523 3419 1584 3481 obss

265 3506 389 3563 omnibus
417 3505 481 3578 sere
507 3504 670 3562 Christianis
694 3506 850 3560 laboratum
878 3510 931 3571 cst,
962 3510 988 3559 et
1014 3512 1100 3560 morte
1127 3505 1214 3562 Turci
1236 3506 1309 3577 repis
1328 3520 1421 3577 ,aare
1447 3506 1559 3563 obtinui-

266 3605 341 3658 mus,
370 3597 400 3646 ut
428 3590 585 3646 deditionem
604 3590 762 3663 Hydruntis
784 3591 929 3662 facerent:
957 3595 1022 3661 quot
1049 3591 1122 3645 milia
1144 3589 1363 3647 Christianorum
1390 3597 1457 3648 tuuc
1489 3590 1555 3649 Tur·

264 3678 305 3733 cis
328 3674 453 3731 manibus
473 3675 611 3731 trucidata
632 3680 712 3730 sunu!
739 3684 870 3746 parantum
888 3673 1038 3733 Christiani
1057 3677 1201 3747 sanauinis
1221 3674 1389 3731 schamam
1417 3682 1474 3733 est!
1499 3681 1560 3749 quat

264 3760 437 3816 nobdhm'moe
463 3764 613 3827 matronae,
642 3768 706 3831 acroi
735 3763 866 3832 cirpincs,
890 3766 957 3847 quat
978 3762 1064 3830 pueri
1090 3761 1117 3815 in
1143 3761 1273 3815 miseram
1300 3761 1459 3817 seruitutem
1487 3761 1560 3832 rapti

264 3851 336 3912 sunt,
353 3861 470 3919 quorum
490 3846 540 3899 alii
559 3844 650 3915 adhuc
675 3845 773 3900 Turris
794 3845 928 3916 ubuepata
947 3844 1004 3915 fide
1018 3846 1149 3913 seruiunt,
1171 3846 1239 3900 alios
1260 3859 1309 3917 epo
1327 3844 1391 3913 ridi,
1414 3849 1466 3920 qui
1477 3861 1583 3920 murco

264 3931 326 3986 iure
340 3931 500 4002 postliminii
518 3931 626 3985 reuersi
645 3944 688 3984 me
708 3932 751 3984 ius
773 3930 876 3984 dicente
896 3930 944 3985 nix
964 3930 1160 4000 aparentibus
1179 3936 1454 4002 reeopnoscerentur,
1478 3936 1558 3986 totum

264 4014 360 4087 [arum
382 4014 534 4087 lachrymis
561 4016 744 4087 compleuere:
772 4032 827 4070 nou
854 4016 964 4069 memini
984 4013 1154 4070 Christianos
1182 4015 1313 4071 maiorem
1334 4014 1446 4071 cladem
1463 4020 1557 4089 pertu-

197 4101 344 4168 s.tt.lisse,
366 4115 382 4155 o
410 4099 565 4170 Venetiani,
583 4116 666 4172 quam
687 4099 760 4156 uobis
780 4100 936 4155 auctoribus
949 4101 1079 4171 perpessi
1097 4108 1207 4156 sumus!
1225 4098 1282 4155 Sed
1301 4101 1328 4157 si
1347 4098 1473 4157 homines
1493 4098 1563 4157 obliti

266 4228 469 4241 ——-..-...

333 4293 389 4349 *ι
405 4297 479 4371 1187.
549 4297 571 4330 ¹⁰
593 4297 685 4348 Schah
707 4296 1242 4362 lamuelSoph11.a.1501...1523.(ae
1264 4313 1312 4364 qua
1332 4303 1414 4363 plura
1430 4305 1481 4352 rol.
1493 4300 1558 4364 1111.)

266 4379 287 4415 ὓ
304 4381 439 4433 Emanuel
456 4384 641 4443 Fortunatus,
660 4398 708 4432 rex
727 4398 751 4432 s.
768 4380 941 4432 1495...1521.
960 4384 1079 4433 Maxime
1099 4384 1127 4433 in
1141 4399 1165 4434 a.
1181 4381 1254 4433 1504.
1273 4383 1403 4435 incidunt
1420 4400 1483 4452 quse
1500 4385 1527 4435 h.
1539 4383 1556 4434 1.

264 4468 429 4518 referuntur.
494 4465 515 4500 ¹⁸
532 4466 606 4531 lybie
626 4471 649 4516 1.
719 4464 739 4497 ¹⁶
758 4465 878 4516 Salduno
892 4470 915 4517 1.
923 4470 948 4516 2.
969 4467 1065 4517 Ksnsu
1083 4466 1109 4517 sl
1123 4469 1212 4533 gauri.
1271 4465 1293 4500 ¹⁸
1311 4468 1522 4534 pellaponanlso
1535 4470 1556 4517 1.

265 4551 442 4618 Pellapoisso
454 4555 480 4602 2.
526 4550 546 4584 ²¹
562 4551 677 4610 Otranto,
691 4567 708 4602 a
720 4550 870 4602 Mshometi
883 4553 919 4601 ΙΙ.
931 4551 1021 4602 classe
1034 4567 1167 4618 appresso
1179 4569 1215 4602 m.
1225 4552 1296 4618 Aug.
1308 4550 1395 4615 1480„
1405 4559 1471 4619 post
1483 4555 1556 4606 cuius

265 4635 434 4687 Venetorum
446 4636 530 4687 amici
542 4643 657 4687 martem
670 4636 706 4699 (d.
720 4634 744 4686 3.
758 4636 824 4686 Mai.
839 4651 864 4685 a.
881 4635 965 4699 1481.)
979 4638 1079 4687 ciuitas
1093 4653 1111 4687 a
1122 4636 1265 4687 Lusitanis
1277 4637 1470 4705 Hispanisque
1482 4652 1554 4691 recn-

265 4724 387 4787 paratur.
437 4718 460 4753 ¹¹
477 4721 566 4772 hlauta
584 4723 612 4772 dt
627 4720 656 4772 S.
671 4722 778 4787 Anasta.
