<?xml version="1.0" encoding="UTF-8"?>
<!DOCTYPE html PUBLIC "-//W3C//DTD XHTML 1.0 Transitional//EN"
    "http://www.w3.org/TR/xhtml1/DTD/xhtml1-transitional.dtd">
<html xmlns="http://www.w3.org/1999/xhtml" xml:lang="en" lang="en">
 <head>
  <title>
</title>
<meta http-equiv="Content-Type" content="text/html;charset=utf-8" />
  <meta name='ocr-system' content='tesseract 3.04.00' />
  <meta name='ocr-capabilities' content='ocr_page ocr_carea ocr_par ocr_line ocrx_word'/>
</head>
<body>
  <div class='ocr_page' id='page_1' title='image "./ulrichihuttenie08huttgoog_0475.png"; bbox 0 0 3270 5354; ppageno 0'>
   <div class='ocr_carea' id='block_1_1' title="bbox 166 348 1441 421">
    <p class='ocr_par' dir='ltr' id='par_1_1' title="bbox 166 348 1441 421">
     <span class='ocr_line' id='line_1_1' title="bbox 166 348 1441 421; baseline -0.001 -7"><span class='ocrx_word' id='word_1_1' title='bbox 166 348 240 421; x_wconf 69' lang='grc'><strong>436</strong></span> <span class='ocrx_word' id='word_1_2' title='bbox 260 377 433 415; x_wconf 63' lang='lat' dir='ltr'><strong>utenhuson</strong></span> <span class='ocrx_word' id='word_1_3' title='bbox 446 376 550 412; x_wconf 64' lang='lat' dir='ltr'><strong>nunaut</strong></span> <span class='ocrx_word' id='word_1_4' title='bbox 564 376 724 412; x_wconf 76' lang='lat' dir='ltr'><strong>rtuvuruvs</strong></span> <span class='ocrx_word' id='word_1_5' title='bbox 738 376 876 412; x_wconf 77' lang='lat' dir='ltr'><strong>nocrouts</strong></span> <span class='ocrx_word' id='word_1_6' title='bbox 890 376 1033 413; x_wconf 72' lang='lat' dir='ltr'><strong>nnvcnctu</strong></span> <span class='ocrx_word' id='word_1_7' title='bbox 1046 375 1291 413; x_wconf 61' lang='lat' dir='ltr'><strong>saomcnmottts</strong></span> <span class='ocrx_word' id='word_1_8' title='bbox 1304 377 1441 413; x_wconf 67' lang='lat' dir='ltr'><strong>sacellos.</strong></span> 
     </span>
    </p>
   </div>
   <div class='ocr_carea' id='block_1_2' title="bbox 315 531 1439 4071">
    <p class='ocr_par' dir='ltr' id='par_1_2' title="bbox 315 531 1439 4071">
     <span class='ocr_line' id='line_1_2' title="bbox 368 531 1243 611; baseline 0 -19"><span class='ocrx_word' id='word_1_9' title='bbox 368 531 493 603; x_wconf 89' lang='lat' dir='ltr'><strong>Serihis,</strong></span> <span class='ocrx_word' id='word_1_10' title='bbox 518 540 550 593; x_wconf 93' lang='lat' dir='ltr'><strong>ut</strong></span> <span class='ocrx_word' id='word_1_11' title='bbox 572 532 648 592; x_wconf 90' lang='lat' dir='ltr'><strong>istud</strong></span> <span class='ocrx_word' id='word_1_12' title='bbox 671 551 746 611; x_wconf 88' lang='lat' dir='ltr'><strong>opus</strong></span> <span class='ocrx_word' id='word_1_13' title='bbox 768 539 891 592; x_wconf 85' lang='lat' dir='ltr'><strong>venturo</strong></span> <span class='ocrx_word' id='word_1_14' title='bbox 914 539 1049 611; x_wconf 86' lang='lat' dir='ltr'><strong>ternpore</strong></span> <span class='ocrx_word' id='word_1_15' title='bbox 1072 550 1243 611; x_wconf 81' lang='lat' dir='ltr'><strong>quenquam</strong></span> 
     </span>
     <span class='ocr_line' id='line_1_3' title="bbox 369 632 1200 717; baseline 0 -23"><span class='ocrx_word' id='word_1_16' title='bbox 369 632 425 704; x_wconf 82' lang='lat' dir='ltr'><strong>Qui</strong></span> <span class='ocrx_word' id='word_1_17' title='bbox 448 632 526 711; x_wconf 87' lang='lat' dir='ltr'><strong>legat</strong></span> <span class='ocrx_word' id='word_1_18' title='bbox 548 652 613 695; x_wconf 88' lang='lat' dir='ltr'><strong>esse</strong></span> <span class='ocrx_word' id='word_1_19' title='bbox 635 641 721 713; x_wconf 90' lang='lat' dir='ltr'><strong>putes</strong></span> <span class='ocrx_word' id='word_1_20' title='bbox 744 641 773 694; x_wconf 91' lang='lat' dir='ltr'><strong>et</strong></span> <span class='ocrx_word' id='word_1_21' title='bbox 794 633 908 695; x_wconf 88' lang='lat' dir='ltr'><strong>olentes</strong></span> <span class='ocrx_word' id='word_1_22' title='bbox 930 641 1065 717; x_wconf 84' lang='lat' dir='ltr'><strong>stercore</strong></span> <span class='ocrx_word' id='word_1_23' title='bbox 1086 633 1200 694; x_wconf 78' lang='lat' dir='ltr'><strong>lihrosi</strong></span> 
     </span>
     <span class='ocr_line' id='line_1_4' title="bbox 368 734 1089 806; baseline 0 -11"><span class='ocrx_word' id='word_1_24' title='bbox 368 734 443 803; x_wconf 86' lang='lat' dir='ltr'><strong>Diis,</strong></span> <span class='ocrx_word' id='word_1_25' title='bbox 467 737 573 805; x_wconf 88' lang='lat' dir='ltr'><strong>miser,</strong></span> <span class='ocrx_word' id='word_1_26' title='bbox 595 736 677 795; x_wconf 91' lang='lat' dir='ltr'><strong>iratis</strong></span> <span class='ocrx_word' id='word_1_27' title='bbox 700 743 728 796; x_wconf 89' lang='lat' dir='ltr'><strong>et</strong></span> <span class='ocrx_word' id='word_1_28' title='bbox 750 736 842 797; x_wconf 85' lang='lat' dir='ltr'><strong>Parca</strong></span> <span class='ocrx_word' id='word_1_29' title='bbox 865 743 934 797; x_wconf 90' lang='lat' dir='ltr'><strong>nate</strong></span> <span class='ocrx_word' id='word_1_30' title='bbox 955 736 1089 806; x_wconf 86' lang='lat' dir='ltr'><strong>sinistra,</strong></span> 
     </span>
     <span class='ocr_line' id='line_1_5' title="bbox 368 836 1221 915; baseline 0.001 -18"><span class='ocrx_word' id='word_1_31' title='bbox 368 836 449 908; x_wconf 81' lang='lat' dir='ltr'><strong>Quos</strong></span> <span class='ocrx_word' id='word_1_32' title='bbox 472 837 552 897; x_wconf 89' lang='lat' dir='ltr'><strong>cadis</strong></span> <span class='ocrx_word' id='word_1_33' title='bbox 575 839 604 897; x_wconf 91' lang='lat' dir='ltr'><strong>in</strong></span> <span class='ocrx_word' id='word_1_34' title='bbox 628 837 769 915; x_wconf 84' lang='lat' dir='ltr'><strong>laqueos?</strong></span> <span class='ocrx_word' id='word_1_35' title='bbox 792 856 827 898; x_wconf 86' lang='lat' dir='ltr'><strong>ex</strong></span> <span class='ocrx_word' id='word_1_36' title='bbox 850 836 985 915; x_wconf 86' lang='lat' dir='ltr'><strong>quotibi</strong></span> <span class='ocrx_word' id='word_1_37' title='bbox 1008 836 1101 914; x_wconf 86' lang='lat' dir='ltr'><strong>gloria</strong></span> <span class='ocrx_word' id='word_1_38' title='bbox 1124 844 1221 915; x_wconf 80' lang='lat' dir='ltr'><strong>coepta</strong></span> 
     </span>
     <span class='ocr_line' id='line_1_6' title="bbox 318 937 1293 1019; baseline -0.001 -21"><span class='ocrx_word' id='word_1_39' title='bbox 318 958 356 998; x_wconf 81' lang='lat' dir='ltr'><strong>oro</strong></span> <span class='ocrx_word' id='word_1_40' title='bbox 372 938 494 1016; x_wconf 85' lang='lat' dir='ltr'><strong>Sperata</strong></span> <span class='ocrx_word' id='word_1_41' title='bbox 518 946 577 1008; x_wconf 90' lang='lat' dir='ltr'><strong>est,</strong></span> <span class='ocrx_word' id='word_1_42' title='bbox 600 937 669 999; x_wconf 91' lang='lat' dir='ltr'><strong>hine</strong></span> <span class='ocrx_word' id='word_1_43' title='bbox 692 957 776 1019; x_wconf 84' lang='lat' dir='ltr'><strong>poena</strong></span> <span class='ocrx_word' id='word_1_44' title='bbox 800 939 890 1000; x_wconf 86' lang='lat' dir='ltr'><strong>redit:</strong></span> <span class='ocrx_word' id='word_1_45' title='bbox 915 937 1130 1016; x_wconf 76' lang='lat' dir='ltr'><strong>Phlegethonte</strong></span> <span class='ocrx_word' id='word_1_46' title='bbox 1153 938 1209 999; x_wconf 88' lang='lat' dir='ltr'><strong>sub</strong></span> <span class='ocrx_word' id='word_1_47' title='bbox 1233 941 1293 998; x_wconf 90' lang='lat' dir='ltr'><strong>imo</strong></span> 
     </span>
     <span class='ocr_line' id='line_1_7' title="bbox 368 1038 1067 1119; baseline 0 -20"><span class='ocrx_word' id='word_1_48' title='bbox 368 1038 473 1101; x_wconf 93' lang='lat' dir='ltr'><strong>Nullus</strong></span> <span class='ocrx_word' id='word_1_49' title='bbox 495 1047 594 1119; x_wconf 88' lang='lat' dir='ltr'><strong>aperta</strong></span> <span class='ocrx_word' id='word_1_50' title='bbox 620 1039 689 1118; x_wconf 83' lang='lat' dir='ltr'><strong>legit</strong></span> <span class='ocrx_word' id='word_1_51' title='bbox 712 1039 861 1101; x_wconf 82' lang='lat' dir='ltr'><strong>crudelius</strong></span> <span class='ocrx_word' id='word_1_52' title='bbox 884 1040 932 1102; x_wconf 88' lang='lat' dir='ltr'><strong>ilia</strong></span> <span class='ocrx_word' id='word_1_53' title='bbox 954 1040 1067 1111; x_wconf 84' lang='lat' dir='ltr'><strong>vultur,</strong></span> 
     </span>
     <span class='ocr_line' id='line_1_8' title="bbox 369 1140 1128 1222; baseline 0 -22"><span class='ocrx_word' id='word_1_54' title='bbox 369 1140 588 1203; x_wconf 89' lang='lat' dir='ltr'><strong>intolerabilior</strong></span> <span class='ocrx_word' id='word_1_55' title='bbox 611 1141 689 1203; x_wconf 88' lang='lat' dir='ltr'><strong>nulla</strong></span> <span class='ocrx_word' id='word_1_56' title='bbox 712 1151 757 1203; x_wconf 89' lang='lat' dir='ltr'><strong>est</strong></span> <span class='ocrx_word' id='word_1_57' title='bbox 779 1149 859 1211; x_wconf 88' lang='lat' dir='ltr'><strong>rota,</strong></span> <span class='ocrx_word' id='word_1_58' title='bbox 882 1141 1021 1222; x_wconf 90' lang='lat' dir='ltr'><strong>nullaque</strong></span> <span class='ocrx_word' id='word_1_59' title='bbox 1043 1143 1128 1221; x_wconf 89' lang='lat' dir='ltr'><strong>peius</strong></span> 
     </span>
     <span class='ocr_line' id='line_1_9' title="bbox 368 1242 1202 1323; baseline 0.001 -21"><span class='ocrx_word' id='word_1_60' title='bbox 368 1242 532 1304; x_wconf 87' lang='lat' dir='ltr'><strong>Tantaliam</strong></span> <span class='ocrx_word' id='word_1_61' title='bbox 555 1251 653 1304; x_wconf 88' lang='lat' dir='ltr'><strong>movet</strong></span> <span class='ocrx_word' id='word_1_62' title='bbox 675 1244 751 1304; x_wconf 86' lang='lat' dir='ltr'><strong>unda</strong></span> <span class='ocrx_word' id='word_1_63' title='bbox 775 1245 868 1313; x_wconf 90' lang='lat' dir='ltr'><strong>sitim,</strong></span> <span class='ocrx_word' id='word_1_64' title='bbox 891 1243 1042 1323; x_wconf 89' lang='lat' dir='ltr'><strong>leviusque</strong></span> <span class='ocrx_word' id='word_1_65' title='bbox 1065 1244 1202 1305; x_wconf 78' lang='lat' dir='ltr'><strong>teruntur</strong></span> 
     </span>
     <span class='ocr_line' id='line_1_10' title="bbox 368 1344 1059 1425; baseline 0.004 -22"><span class='ocrx_word' id='word_1_66' title='bbox 368 1344 492 1405; x_wconf 80' lang='lat' dir='ltr'>Horrida</span> <span class='ocrx_word' id='word_1_67' title='bbox 515 1345 665 1425; x_wconf 81' lang='lat' dir='ltr'><strong>sisyphius</strong></span> <span class='ocrx_word' id='word_1_68' title='bbox 687 1363 756 1406; x_wconf 81' lang='lat' dir='ltr'><strong>saxa</strong></span> <span class='ocrx_word' id='word_1_69' title='bbox 778 1347 945 1406; x_wconf 81' lang='lat' dir='ltr'><strong>exercentis</strong></span> <span class='ocrx_word' id='word_1_70' title='bbox 969 1347 1059 1413; x_wconf 87' lang='lat' dir='ltr'><strong>vires,</strong></span> 
     </span>
     <span class='ocr_line' id='line_1_11' title="bbox 316 1445 1398 1527; baseline 0.001 -23"><span class='ocrx_word' id='word_1_71' title='bbox 316 1445 462 1515; x_wconf 71' lang='lat' dir='ltr'><strong>creonam</strong></span> <span class='ocrx_word' id='word_1_72' title='bbox 478 1465 564 1527; x_wconf 85' lang='lat' dir='ltr'><strong>poenn</strong></span> <span class='ocrx_word' id='word_1_73' title='bbox 581 1454 640 1516; x_wconf 90' lang='lat' dir='ltr'><strong>est,</strong></span> <span class='ocrx_word' id='word_1_74' title='bbox 658 1466 805 1526; x_wconf 87' lang='lat' dir='ltr'><strong>quamque</strong></span> <span class='ocrx_word' id='word_1_75' title='bbox 821 1448 904 1517; x_wconf 84' lang='lat' dir='ltr'><strong>naec,</strong></span> <span class='ocrx_word' id='word_1_76' title='bbox 920 1465 984 1527; x_wconf 74' lang='lat' dir='ltr'><strong>quee</strong></span> <span class='ocrx_word' id='word_1_77' title='bbox 1000 1454 1028 1506; x_wconf 91' lang='lat' dir='ltr'><strong>te</strong></span> <span class='ocrx_word' id='word_1_78' title='bbox 1044 1448 1124 1507; x_wconf 89' lang='lat' dir='ltr'><strong>intus</strong></span> <span class='ocrx_word' id='word_1_79' title='bbox 1140 1455 1169 1507; x_wconf 91' lang='lat' dir='ltr'><strong>et</strong></span> <span class='ocrx_word' id='word_1_80' title='bbox 1184 1448 1213 1506; x_wconf 93' lang='lat' dir='ltr'><strong>in</strong></span> <span class='ocrx_word' id='word_1_81' title='bbox 1229 1456 1296 1507; x_wconf 83' lang='lat' dir='ltr'><strong>cute</strong></span> <span class='ocrx_word' id='word_1_82' title='bbox 1312 1447 1398 1513; x_wconf 88' lang='lat' dir='ltr'><strong>rodit,</strong></span> 
     </span>
     <span class='ocr_line' id='line_1_12' title="bbox 366 1545 1439 1631; baseline 0.001 -23"><span class='ocrx_word' id='word_1_83' title='bbox 366 1548 489 1609; x_wconf 81' lang='lat' dir='ltr'><strong>Conscia</strong></span> <span class='ocrx_word' id='word_1_84' title='bbox 505 1568 589 1610; x_wconf 86' lang='lat' dir='ltr'><strong>mens</strong></span> <span class='ocrx_word' id='word_1_85' title='bbox 604 1548 749 1611; x_wconf 89' lang='lat' dir='ltr'><strong>scelerum</strong></span> <span class='ocrx_word' id='word_1_86' title='bbox 766 1551 936 1627; x_wconf 89' lang='lat' dir='ltr'><strong>cruciatque</strong></span> <span class='ocrx_word' id='word_1_87' title='bbox 952 1567 987 1608; x_wconf 91' lang='lat' dir='ltr'><strong>ac</strong></span> <span class='ocrx_word' id='word_1_88' title='bbox 1002 1549 1113 1610; x_wconf 87' lang='lat' dir='ltr'><strong>viscera</strong></span> <span class='ocrx_word' id='word_1_89' title='bbox 1130 1548 1250 1609; x_wconf 85' lang='lat' dir='ltr'><strong>mandit.</strong></span> <span class='ocrx_word' id='word_1_90' title='bbox 1318 1549 1321 1626; x_wconf 81' lang='lat' dir='ltr'><strong>l</strong></span> <span class='ocrx_word' id='word_1_91' title='bbox 1339 1545 1439 1631; x_wconf 50' lang='grc' dir='ltr'><strong>ξζζξξξΨ</strong></span> 
     </span>
     <span class='ocr_line' id='line_1_13' title="bbox 367 1649 1168 1713; baseline 0 -4"><span class='ocrx_word' id='word_1_92' title='bbox 367 1649 557 1712; x_wconf 86' lang='lat' dir='ltr'><strong>Dissimulare</strong></span> <span class='ocrx_word' id='word_1_93' title='bbox 580 1659 676 1712; x_wconf 87' lang='lat' dir='ltr'><strong>tamen</strong></span> <span class='ocrx_word' id='word_1_94' title='bbox 699 1654 792 1713; x_wconf 84' lang='lat' dir='ltr'><strong>viset</strong></span> <span class='ocrx_word' id='word_1_95' title='bbox 815 1651 855 1712; x_wconf 89' lang='lat' dir='ltr'><strong>nil</strong></span> <span class='ocrx_word' id='word_1_96' title='bbox 877 1651 934 1712; x_wconf 88' lang='lat' dir='ltr'><strong>tale</strong></span> <span class='ocrx_word' id='word_1_97' title='bbox 959 1651 1065 1712; x_wconf 85' lang='lat' dir='ltr'><strong>rideri:</strong></span> <span class='ocrx_word' id='word_1_98' title='bbox 1165 1676 1168 1683; x_wconf 94' lang='lat'><em>·</em></span> 
     </span>
     <span class='ocr_line' id='line_1_14' title="bbox 367 1748 1436 1834; baseline 0.001 -22"><span class='ocrx_word' id='word_1_99' title='bbox 367 1749 438 1820; x_wconf 81' lang='lat' dir='ltr'><strong>Qum</strong></span> <span class='ocrx_word' id='word_1_100' title='bbox 460 1753 512 1813; x_wconf 92' lang='lat' dir='ltr'><strong>tihi</strong></span> <span class='ocrx_word' id='word_1_101' title='bbox 535 1755 682 1832; x_wconf 79' lang='lat' dir='ltr'><strong>praecipua</strong></span> <span class='ocrx_word' id='word_1_102' title='bbox 705 1763 749 1813; x_wconf 90' lang='lat' dir='ltr'><strong>est</strong></span> <span class='ocrx_word' id='word_1_103' title='bbox 771 1756 897 1815; x_wconf 85' lang='lat' dir='ltr'><strong>versutia</strong></span> <span class='ocrx_word' id='word_1_104' title='bbox 920 1760 1047 1831; x_wconf 89' lang='lat' dir='ltr'><strong>nataque</strong></span> <span class='ocrx_word' id='word_1_105' title='bbox 1069 1759 1185 1820; x_wconf 88' lang='lat' dir='ltr'><strong>tecum,</strong></span> <span class='ocrx_word' id='word_1_106' title='bbox 1322 1748 1436 1834; x_wconf 55' lang='lat' dir='ltr'><strong>33⁵2?le</strong></span> 
     </span>
     <span class='ocr_line' id='line_1_15' title="bbox 367 1852 1288 1934; baseline 0 -22"><span class='ocrx_word' id='word_1_107' title='bbox 367 1852 475 1914; x_wconf 80' lang='lat' dir='ltr'><strong>Contra</strong></span> <span class='ocrx_word' id='word_1_108' title='bbox 498 1873 586 1932; x_wconf 90' lang='lat' dir='ltr'><strong>quam</strong></span> <span class='ocrx_word' id='word_1_109' title='bbox 609 1856 681 1915; x_wconf 87' lang='lat' dir='ltr'><strong>sacis</strong></span> <span class='ocrx_word' id='word_1_110' title='bbox 704 1864 733 1915; x_wconf 92' lang='lat' dir='ltr'><strong>et</strong></span> <span class='ocrx_word' id='word_1_111' title='bbox 755 1874 842 1934; x_wconf 88' lang='lat' dir='ltr'><strong>quam</strong></span> <span class='ocrx_word' id='word_1_112' title='bbox 866 1863 898 1917; x_wconf 93' lang='lat' dir='ltr'><strong>tu</strong></span> <span class='ocrx_word' id='word_1_113' title='bbox 921 1874 952 1917; x_wconf 89' lang='lat' dir='ltr'><strong>es</strong></span> <span class='ocrx_word' id='word_1_114' title='bbox 975 1870 1157 1931; x_wconf 90' lang='lat' dir='ltr'><strong>componere</strong></span> <span class='ocrx_word' id='word_1_115' title='bbox 1178 1852 1288 1914; x_wconf 79' lang='lat' dir='ltr'><strong>rutrum</strong></span> 
     </span>
     <span class='ocr_line' id='line_1_16' title="bbox 323 1954 1113 2035; baseline 0.004 -21"><span class='ocrx_word' id='word_1_116' title='bbox 323 1973 362 2014; x_wconf 83' lang='lat' dir='ltr'><strong>eso</strong></span> <span class='ocrx_word' id='word_1_117' title='bbox 376 1954 499 2034; x_wconf 87' lang='lat' dir='ltr'><strong>Obstipo</strong></span> <span class='ocrx_word' id='word_1_118' title='bbox 523 1959 632 2035; x_wconf 88' lang='lat' dir='ltr'><strong>capite,</strong></span> <span class='ocrx_word' id='word_1_119' title='bbox 657 1964 686 2018; x_wconf 92' lang='lat' dir='ltr'><strong>et</strong></span> <span class='ocrx_word' id='word_1_120' title='bbox 707 1957 802 2034; x_wconf 90' lang='lat' dir='ltr'><strong>panda</strong></span> <span class='ocrx_word' id='word_1_121' title='bbox 825 1958 939 2018; x_wconf 87' lang='lat' dir='ltr'><strong>cervice</strong></span> <span class='ocrx_word' id='word_1_122' title='bbox 962 1954 1113 2035; x_wconf 86' lang='lat' dir='ltr'><strong>oculisque</strong></span> 
     </span>
     <span class='ocr_line' id='line_1_17' title="bbox 369 2057 1101 2138; baseline 0.001 -22"><span class='ocrx_word' id='word_1_123' title='bbox 369 2057 403 2116; x_wconf 98' lang='lat' dir='ltr'><strong>ln</strong></span> <span class='ocrx_word' id='word_1_124' title='bbox 426 2065 536 2118; x_wconf 86' lang='lat' dir='ltr'><strong>terram</strong></span> <span class='ocrx_word' id='word_1_125' title='bbox 558 2058 624 2119; x_wconf 84' lang='lat' dir='ltr'><strong>fixis</strong></span> <span class='ocrx_word' id='word_1_126' title='bbox 646 2065 763 2120; x_wconf 89' lang='lat' dir='ltr'><strong>sanctos</strong></span> <span class='ocrx_word' id='word_1_127' title='bbox 786 2061 964 2138; x_wconf 84' lang='lat' dir='ltr'><strong>praenrittere</strong></span> <span class='ocrx_word' id='word_1_128' title='bbox 986 2077 1101 2125; x_wconf 88' lang='lat' dir='ltr'><strong>mores;</strong></span> 
     </span>
     <span class='ocr_line' id='line_1_18' title="bbox 369 2159 1136 2239; baseline 0.005 -22"><span class='ocrx_word' id='word_1_129' title='bbox 369 2159 404 2218; x_wconf 81' lang='lat' dir='ltr'><strong>ht</strong></span> <span class='ocrx_word' id='word_1_130' title='bbox 427 2162 476 2238; x_wconf 86' lang='lat' dir='ltr'><strong>qni</strong></span> <span class='ocrx_word' id='word_1_131' title='bbox 500 2168 528 2220; x_wconf 92' lang='lat' dir='ltr'><strong>te</strong></span> <span class='ocrx_word' id='word_1_132' title='bbox 551 2169 659 2222; x_wconf 85' lang='lat' dir='ltr'><strong>norunt</strong></span> <span class='ocrx_word' id='word_1_133' title='bbox 682 2179 834 2221; x_wconf 89' lang='lat' dir='ltr'><strong>morosum</strong></span> <span class='ocrx_word' id='word_1_134' title='bbox 857 2160 1066 2239; x_wconf 77' lang='lat' dir='ltr'><strong>difficilemque</strong></span> <span class='ocrx_word' id='word_1_135' title='bbox 1130 2196 1136 2206; x_wconf 94' lang='lat'><em>·</em></span> 
     </span>
     <span class='ocr_line' id='line_1_19' title="bbox 369 2259 1177 2341; baseline 0.001 -21"><span class='ocrx_word' id='word_1_136' title='bbox 369 2259 581 2341; x_wconf 88' lang='lat' dir='ltr'><strong>lmpurumque</strong></span> <span class='ocrx_word' id='word_1_137' title='bbox 604 2271 723 2333; x_wconf 83' lang='lat' dir='ltr'><strong>vocant,</strong></span> <span class='ocrx_word' id='word_1_138' title='bbox 746 2263 1008 2341; x_wconf 81' lang='lat' dir='ltr'><strong>simulatoremque</strong></span> <span class='ocrx_word' id='word_1_139' title='bbox 1030 2264 1177 2340; x_wconf 87' lang='lat' dir='ltr'><strong>peritum,</strong></span> 
     </span>
     <span class='ocr_line' id='line_1_20' title="bbox 369 2362 1168 2444; baseline 0.005 -24"><span class='ocrx_word' id='word_1_140' title='bbox 369 2362 404 2421; x_wconf 85' lang='lat' dir='ltr'><strong>Et</strong></span> <span class='ocrx_word' id='word_1_141' title='bbox 425 2372 616 2442; x_wconf 78' lang='lat' dir='ltr'><strong>nugatorem,</strong></span> <span class='ocrx_word' id='word_1_142' title='bbox 640 2365 842 2444; x_wconf 90' lang='lat' dir='ltr'><strong>tumidumque</strong></span> <span class='ocrx_word' id='word_1_143' title='bbox 864 2372 952 2444; x_wconf 86' lang='lat' dir='ltr'><strong>atque</strong></span> <span class='ocrx_word' id='word_1_144' title='bbox 974 2366 1034 2425; x_wconf 88' lang='lat' dir='ltr'><strong>oris</strong></span> <span class='ocrx_word' id='word_1_145' title='bbox 1055 2366 1168 2432; x_wconf 91' lang='lat' dir='ltr'><strong>amari;</strong></span> 
     </span>
     <span class='ocr_line' id='line_1_21' title="bbox 316 2463 1171 2545; baseline 0.008 -25"><span class='ocrx_word' id='word_1_146' title='bbox 316 2481 355 2522; x_wconf 75' lang='lat' dir='ltr'><strong>ess</strong></span> <span class='ocrx_word' id='word_1_147' title='bbox 370 2463 462 2543; x_wconf 89' lang='lat' dir='ltr'><strong>ldque</strong></span> <span class='ocrx_word' id='word_1_148' title='bbox 484 2464 581 2543; x_wconf 83' lang='lat' dir='ltr'><strong>palam</strong></span> <span class='ocrx_word' id='word_1_149' title='bbox 603 2468 695 2527; x_wconf 89' lang='lat' dir='ltr'><strong>sensit</strong></span> <span class='ocrx_word' id='word_1_150' title='bbox 716 2466 863 2544; x_wconf 82' lang='lat' dir='ltr'><strong>Capnion,</strong></span> <span class='ocrx_word' id='word_1_151' title='bbox 887 2465 1025 2545; x_wconf 89' lang='lat' dir='ltr'><strong>ultusque</strong></span> <span class='ocrx_word' id='word_1_152' title='bbox 1047 2474 1171 2545; x_wconf 87' lang='lat' dir='ltr'><strong>repente</strong></span> 
     </span>
     <span class='ocr_line' id='line_1_22' title="bbox 367 2566 1171 2647; baseline 0.004 -22"><span class='ocrx_word' id='word_1_153' title='bbox 367 2566 426 2626; x_wconf 88' lang='lat' dir='ltr'><strong>llas</strong></span> <span class='ocrx_word' id='word_1_154' title='bbox 449 2567 501 2626; x_wconf 88' lang='lat' dir='ltr'><strong>tihi</strong></span> <span class='ocrx_word' id='word_1_155' title='bbox 523 2570 672 2647; x_wconf 83' lang='lat' dir='ltr'><strong>compegit</strong></span> <span class='ocrx_word' id='word_1_156' title='bbox 695 2570 838 2636; x_wconf 76' lang='lat' dir='ltr'><strong>manicaS,</strong></span> <span class='ocrx_word' id='word_1_157' title='bbox 861 2568 925 2628; x_wconf 82' lang='lat' dir='ltr'><strong>haec</strong></span> <span class='ocrx_word' id='word_1_158' title='bbox 947 2566 1061 2628; x_wconf 80' lang='lat' dir='ltr'><strong>vincula</strong></span> <span class='ocrx_word' id='word_1_159' title='bbox 1084 2575 1171 2646; x_wconf 84' lang='lat' dir='ltr'><strong>capto</strong></span> 
     </span>
     <span class='ocr_line' id='line_1_23' title="bbox 367 2667 1133 2748; baseline 0.001 -21"><span class='ocrx_word' id='word_1_160' title='bbox 367 2667 491 2737; x_wconf 89' lang='lat' dir='ltr'><strong>lntudit,</strong></span> <span class='ocrx_word' id='word_1_161' title='bbox 514 2669 604 2747; x_wconf 87' lang='lat' dir='ltr'><strong>inque</strong></span> <span class='ocrx_word' id='word_1_162' title='bbox 627 2688 680 2730; x_wconf 91' lang='lat' dir='ltr'><strong>suo</strong></span> <span class='ocrx_word' id='word_1_163' title='bbox 703 2670 783 2730; x_wconf 90' lang='lat' dir='ltr'><strong>inhet</strong></span> <span class='ocrx_word' id='word_1_164' title='bbox 805 2688 949 2748; x_wconf 90' lang='lat' dir='ltr'><strong>apparere</strong></span> <span class='ocrx_word' id='word_1_165' title='bbox 972 2670 1133 2748; x_wconf 89' lang='lat' dir='ltr'><strong>triumpho.</strong></span> 
     </span>
     <span class='ocr_line' id='line_1_24' title="bbox 368 2768 1215 2851; baseline 0.005 -24"><span class='ocrx_word' id='word_1_166' title='bbox 368 2768 395 2836; x_wconf 92' lang='lat' dir='ltr'><strong>l,</strong></span> <span class='ocrx_word' id='word_1_167' title='bbox 419 2771 526 2840; x_wconf 89' lang='lat' dir='ltr'><strong>miser,</strong></span> <span class='ocrx_word' id='word_1_168' title='bbox 551 2778 583 2830; x_wconf 91' lang='lat' dir='ltr'><strong>nt</strong></span> <span class='ocrx_word' id='word_1_169' title='bbox 604 2781 739 2851; x_wconf 80' lang='lat' dir='ltr'><strong>spectem</strong></span> <span class='ocrx_word' id='word_1_170' title='bbox 761 2772 859 2833; x_wconf 88' lang='lat' dir='ltr'><strong>miser.</strong></span> <span class='ocrx_word' id='word_1_171' title='bbox 883 2790 985 2833; x_wconf 90' lang='lat' dir='ltr'><strong>verum</strong></span> <span class='ocrx_word' id='word_1_172' title='bbox 1009 2790 1074 2832; x_wconf 89' lang='lat' dir='ltr'><strong>esse</strong></span> <span class='ocrx_word' id='word_1_173' title='bbox 1096 2770 1215 2832; x_wconf 87' lang='lat' dir='ltr'><strong>lahorat</strong></span> 
     </span>
     <span class='ocr_line' id='line_1_25' title="bbox 368 2867 1437 2952; baseline 0.005 -25"><span class='ocrx_word' id='word_1_174' title='bbox 368 2868 488 2932; x_wconf 88' lang='lat' dir='ltr'><strong>Vinctus</strong></span> <span class='ocrx_word' id='word_1_175' title='bbox 511 2871 610 2949; x_wconf 84' lang='lat' dir='ltr'><strong>dpella</strong></span> <span class='ocrx_word' id='word_1_176' title='bbox 634 2875 725 2934; x_wconf 89' lang='lat' dir='ltr'><strong>miser</strong></span> <span class='ocrx_word' id='word_1_177' title='bbox 748 2881 863 2943; x_wconf 88' lang='lat' dir='ltr'><strong>tecum,</strong></span> <span class='ocrx_word' id='word_1_178' title='bbox 887 2872 1030 2952; x_wconf 85' lang='lat' dir='ltr'><strong>laterique</strong></span> <span class='ocrx_word' id='word_1_179' title='bbox 1052 2873 1251 2952; x_wconf 87' lang='lat' dir='ltr'><strong>propinquum</strong></span> <span class='ocrx_word' id='word_1_180' title='bbox 1297 2867 1437 2948; x_wconf 53' lang='grc' dir='ltr'><strong>ξξξξῆξῖζζ,</strong></span> 
     </span>
     <span class='ocr_line' id='line_1_26' title="bbox 317 2959 1367 3054; baseline 0.004 -22"><span class='ocrx_word' id='word_1_181' title='bbox 317 2992 355 3032; x_wconf 72' lang='lat' dir='ltr'><strong>orio</strong></span> <span class='ocrx_word' id='word_1_182' title='bbox 371 2973 409 3032; x_wconf 92' lang='lat' dir='ltr'><strong>Se</strong></span> <span class='ocrx_word' id='word_1_183' title='bbox 432 2974 568 3035; x_wconf 86' lang='lat' dir='ltr'><strong>conterre</strong></span> <span class='ocrx_word' id='word_1_184' title='bbox 592 2982 651 3035; x_wconf 92' lang='lat' dir='ltr'><strong>tuo.</strong></span> <span class='ocrx_word' id='word_1_185' title='bbox 675 2976 746 3035; x_wconf 88' lang='lat' dir='ltr'><strong>sinis</strong></span> <span class='ocrx_word' id='word_1_186' title='bbox 768 2973 837 3035; x_wconf 88' lang='lat' dir='ltr'><strong>hine</strong></span> <span class='ocrx_word' id='word_1_187' title='bbox 860 2983 957 3036; x_wconf 86' lang='lat' dir='ltr'><strong>tecum</strong></span> <span class='ocrx_word' id='word_1_188' title='bbox 980 2977 1038 3044; x_wconf 91' lang='lat' dir='ltr'><strong>ire,</strong></span> <span class='ocrx_word' id='word_1_189' title='bbox 1061 2982 1208 3054; x_wconf 85' lang='lat' dir='ltr'><strong>potesque</strong></span> <span class='ocrx_word' id='word_1_190' title='bbox 1295 2959 1367 2991; x_wconf 60' lang='lat'><strong>‘&#39;¹⁶¹¹&#39;&#39;</strong></span> 
     </span>
     <span class='ocr_line' id='line_1_27' title="bbox 368 3073 1284 3155; baseline 0.005 -23"><span class='ocrx_word' id='word_1_191' title='bbox 368 3073 443 3135; x_wconf 90' lang='lat' dir='ltr'><strong>lluic</strong></span> <span class='ocrx_word' id='word_1_192' title='bbox 465 3093 520 3153; x_wconf 92' lang='lat' dir='ltr'><strong>par</strong></span> <span class='ocrx_word' id='word_1_193' title='bbox 544 3095 609 3137; x_wconf 90' lang='lat' dir='ltr'><strong>esse</strong></span> <span class='ocrx_word' id='word_1_194' title='bbox 630 3077 714 3136; x_wconf 79' lang='lat' dir='ltr'><strong>loeo?</strong></span> <span class='ocrx_word' id='word_1_195' title='bbox 739 3075 892 3138; x_wconf 86' lang='lat' dir='ltr'><strong>‘Possum&#39;</strong></span> <span class='ocrx_word' id='word_1_196' title='bbox 915 3078 1025 3155; x_wconf 88' lang='lat' dir='ltr'><strong>inquit:</strong></span> <span class='ocrx_word' id='word_1_197' title='bbox 1050 3096 1118 3137; x_wconf 89' lang='lat' dir='ltr'><strong>nam</strong></span> <span class='ocrx_word' id='word_1_198' title='bbox 1140 3076 1224 3138; x_wconf 85' lang='lat' dir='ltr'><strong>dedit</strong></span> <span class='ocrx_word' id='word_1_199' title='bbox 1245 3075 1284 3137; x_wconf 94' lang='lat' dir='ltr'><strong>illi</strong></span> 
     </span>
     <span class='ocr_line' id='line_1_28' title="bbox 368 3174 1308 3256; baseline 0.002 -20"><span class='ocrx_word' id='word_1_200' title='bbox 368 3174 518 3245; x_wconf 81' lang='lat' dir='ltr'><strong>Quosdam</strong></span> <span class='ocrx_word' id='word_1_201' title='bbox 534 3176 605 3238; x_wconf 86' lang='lat' dir='ltr'><strong>olim</strong></span> <span class='ocrx_word' id='word_1_202' title='bbox 621 3180 763 3247; x_wconf 78' lang='lat' dir='ltr'><strong>monime,</strong></span> <span class='ocrx_word' id='word_1_203' title='bbox 780 3178 927 3256; x_wconf 88' lang='lat' dir='ltr'><strong>quoddam</strong></span> <span class='ocrx_word' id='word_1_204' title='bbox 943 3177 1001 3238; x_wconf 88' lang='lat' dir='ltr'><strong>hoc</strong></span> <span class='ocrx_word' id='word_1_205' title='bbox 1016 3179 1152 3239; x_wconf 86' lang='lat' dir='ltr'><strong>didicisse</strong></span> <span class='ocrx_word' id='word_1_206' title='bbox 1168 3180 1308 3256; x_wconf 80' lang='lat' dir='ltr'><strong>magistro</strong></span> 
     </span>
     <span class='ocr_line' id='line_1_29' title="bbox 369 3277 1254 3359; baseline 0.002 -22"><span class='ocrx_word' id='word_1_207' title='bbox 369 3277 524 3357; x_wconf 86' lang='lat' dir='ltr'><strong>Tungarus</strong></span> <span class='ocrx_word' id='word_1_208' title='bbox 546 3281 608 3359; x_wconf 90' lang='lat' dir='ltr'><strong>ipse</strong></span> <span class='ocrx_word' id='word_1_209' title='bbox 631 3281 737 3348; x_wconf 90' lang='lat' dir='ltr'><strong>relert,</strong></span> <span class='ocrx_word' id='word_1_210' title='bbox 761 3288 890 3358; x_wconf 87' lang='lat' dir='ltr'><strong>tuncque</strong></span> <span class='ocrx_word' id='word_1_211' title='bbox 913 3288 957 3341; x_wconf 90' lang='lat' dir='ltr'><strong>est</strong></span> <span class='ocrx_word' id='word_1_212' title='bbox 978 3289 1109 3341; x_wconf 88' lang='lat' dir='ltr'><strong>armatus</strong></span> <span class='ocrx_word' id='word_1_213' title='bbox 1130 3278 1168 3340; x_wconf 88' lang='lat' dir='ltr'><strong>ab</strong></span> <span class='ocrx_word' id='word_1_214' title='bbox 1191 3278 1254 3350; x_wconf 92' lang='lat' dir='ltr'><strong>illo,</strong></span> 
     </span>
     <span class='ocr_line' id='line_1_30' title="bbox 369 3379 1253 3461; baseline 0.002 -21"><span class='ocrx_word' id='word_1_215' title='bbox 369 3379 442 3440; x_wconf 85' lang='lat' dir='ltr'><strong>Cum</strong></span> <span class='ocrx_word' id='word_1_216' title='bbox 464 3397 594 3458; x_wconf 87' lang='lat' dir='ltr'><strong>pngnam</strong></span> <span class='ocrx_word' id='word_1_217' title='bbox 618 3382 758 3443; x_wconf 81' lang='lat' dir='ltr'><strong>adversus</strong></span> <span class='ocrx_word' id='word_1_218' title='bbox 780 3398 920 3459; x_wconf 85' lang='lat' dir='ltr'><strong>magnum</strong></span> <span class='ocrx_word' id='word_1_219' title='bbox 944 3382 1094 3460; x_wconf 82' lang='lat' dir='ltr'><strong>Capniona</strong></span> <span class='ocrx_word' id='word_1_220' title='bbox 1117 3390 1253 3461; x_wconf 86' lang='lat' dir='ltr'><strong>pararet:</strong></span> 
     </span>
     <span class='ocr_line' id='line_1_31' title="bbox 315 3480 1435 3568; baseline 0.006 -30"><span class='ocrx_word' id='word_1_221' title='bbox 315 3500 352 3539; x_wconf 75' lang='lat' dir='ltr'><strong>coe</strong></span> <span class='ocrx_word' id='word_1_222' title='bbox 368 3480 432 3541; x_wconf 85' lang='lat' dir='ltr'><strong>Dux</strong></span> <span class='ocrx_word' id='word_1_223' title='bbox 447 3481 502 3542; x_wconf 86' lang='lat' dir='ltr'><strong>luit</strong></span> <span class='ocrx_word' id='word_1_224' title='bbox 517 3482 664 3544; x_wconf 86' lang='lat' dir='ltr'><strong>drnoldus</strong></span> <span class='ocrx_word' id='word_1_225' title='bbox 679 3492 858 3563; x_wconf 80' lang='lat' dir='ltr'><strong>coeptorum,</strong></span> <span class='ocrx_word' id='word_1_226' title='bbox 876 3484 925 3546; x_wconf 87' lang='lat' dir='ltr'><strong>hic</strong></span> <span class='ocrx_word' id='word_1_227' title='bbox 938 3483 1067 3562; x_wconf 84' lang='lat' dir='ltr'><strong>prodidit</strong></span> <span class='ocrx_word' id='word_1_228' title='bbox 1081 3483 1211 3545; x_wconf 84' lang='lat' dir='ltr'><strong>hostem:</strong></span> <span class='ocrx_word' id='word_1_229' title='bbox 1256 3485 1260 3562; x_wconf 85' lang='grc' dir='ltr'>Ι</span> <span class='ocrx_word' id='word_1_230' title='bbox 1277 3481 1435 3568; x_wconf 51' lang='lat' dir='ltr'><strong>lammis</strong></span> 
     </span>
     <span class='ocr_line' id='line_1_32' title="bbox 367 3580 1235 3663; baseline 0.006 -22"><span class='ocrx_word' id='word_1_231' title='bbox 367 3580 432 3642; x_wconf 91' lang='lat' dir='ltr'><strong>Non</strong></span> <span class='ocrx_word' id='word_1_232' title='bbox 456 3584 592 3663; x_wconf 85' lang='lat' dir='ltr'><strong>equidem</strong></span> <span class='ocrx_word' id='word_1_233' title='bbox 615 3584 734 3656; x_wconf 92' lang='lat' dir='ltr'><strong>melior,</strong></span> <span class='ocrx_word' id='word_1_234' title='bbox 758 3604 819 3646; x_wconf 92' lang='lat' dir='ltr'><strong>non</strong></span> <span class='ocrx_word' id='word_1_235' title='bbox 841 3603 873 3646; x_wconf 89' lang='lat' dir='ltr'><strong>es</strong></span> <span class='ocrx_word' id='word_1_236' title='bbox 895 3593 941 3654; x_wconf 91' lang='lat' dir='ltr'><strong>tu,</strong></span> <span class='ocrx_word' id='word_1_237' title='bbox 964 3585 1117 3662; x_wconf 83' lang='lat' dir='ltr'><strong>Tangere,</strong></span> <span class='ocrx_word' id='word_1_238' title='bbox 1140 3603 1235 3663; x_wconf 88' lang='lat' dir='ltr'><strong>purus</strong></span> 
     </span>
     <span class='ocr_line' id='line_1_33' title="bbox 367 3682 1216 3766; baseline 0.005 -23"><span class='ocrx_word' id='word_1_239' title='bbox 367 3682 430 3745; x_wconf 88' lang='lat' dir='ltr'><strong>Hoc</strong></span> <span class='ocrx_word' id='word_1_240' title='bbox 452 3688 546 3763; x_wconf 87' lang='lat' dir='ltr'><strong>magis</strong></span> <span class='ocrx_word' id='word_1_241' title='bbox 568 3688 696 3764; x_wconf 88' lang='lat' dir='ltr'><strong>ingenio.</strong></span> <span class='ocrx_word' id='word_1_242' title='bbox 720 3686 771 3747; x_wconf 91' lang='lat' dir='ltr'><strong>sed</strong></span> <span class='ocrx_word' id='word_1_243' title='bbox 795 3706 842 3747; x_wconf 88' lang='lat' dir='ltr'><strong>me</strong></span> <span class='ocrx_word' id='word_1_244' title='bbox 863 3687 946 3766; x_wconf 86' lang='lat' dir='ltr'><strong>prius</strong></span> <span class='ocrx_word' id='word_1_245' title='bbox 969 3688 1066 3747; x_wconf 87' lang='lat' dir='ltr'><strong>omnia</strong></span> <span class='ocrx_word' id='word_1_246' title='bbox 1088 3687 1216 3765; x_wconf 89' lang='lat' dir='ltr'><strong>perdant</strong></span> 
     </span>
     <span class='ocr_line' id='line_1_34' title="bbox 368 3785 1263 3868; baseline 0.001 -22"><span class='ocrx_word' id='word_1_247' title='bbox 368 3785 511 3858; x_wconf 89' lang='lat' dir='ltr'><strong>Numina,</strong></span> <span class='ocrx_word' id='word_1_248' title='bbox 535 3806 622 3866; x_wconf 87' lang='lat' dir='ltr'><strong>quarn</strong></span> <span class='ocrx_word' id='word_1_249' title='bbox 646 3790 740 3866; x_wconf 88' lang='lat' dir='ltr'><strong>patiar</strong></span> <span class='ocrx_word' id='word_1_250' title='bbox 761 3788 941 3849; x_wconf 78' lang='lat' dir='ltr'><strong>nebulonem</strong></span> <span class='ocrx_word' id='word_1_251' title='bbox 963 3787 1044 3848; x_wconf 90' lang='lat' dir='ltr'><strong>huuc</strong></span> <span class='ocrx_word' id='word_1_252' title='bbox 1065 3790 1110 3850; x_wconf 85' lang='lat' dir='ltr'><strong>ire</strong></span> <span class='ocrx_word' id='word_1_253' title='bbox 1132 3807 1263 3868; x_wconf 88' lang='lat' dir='ltr'><strong>superno</strong></span> 
     </span>
     <span class='ocr_line' id='line_1_35' title="bbox 367 3889 1161 3967; baseline 0.003 -19"><span class='ocrx_word' id='word_1_254' title='bbox 367 3889 482 3951; x_wconf 88' lang='lat' dir='ltr'><strong>Vertice</strong></span> <span class='ocrx_word' id='word_1_255' title='bbox 506 3898 535 3950; x_wconf 86' lang='lat' dir='ltr'><strong>et</strong></span> <span class='ocrx_word' id='word_1_256' title='bbox 557 3892 679 3950; x_wconf 85' lang='lat' dir='ltr'><strong>evinctis</strong></span> <span class='ocrx_word' id='word_1_257' title='bbox 701 3889 858 3951; x_wconf 87' lang='lat' dir='ltr'><strong>sublimem</strong></span> <span class='ocrx_word' id='word_1_258' title='bbox 880 3890 1016 3950; x_wconf 87' lang='lat' dir='ltr'><strong>insistere</strong></span> <span class='ocrx_word' id='word_1_259' title='bbox 1038 3889 1161 3967; x_wconf 89' lang='lat' dir='ltr'><strong>plantis,</strong></span> 
     </span>
     <span class='ocr_line' id='line_1_36' title="bbox 315 3990 1118 4071; baseline 0.002 -22"><span class='ocrx_word' id='word_1_260' title='bbox 315 4010 353 4049; x_wconf 74' lang='lat' dir='ltr'><strong>roo</strong></span> <span class='ocrx_word' id='word_1_261' title='bbox 369 3990 403 4050; x_wconf 80' lang='lat' dir='ltr'><strong>Et</strong></span> <span class='ocrx_word' id='word_1_262' title='bbox 427 3990 533 4051; x_wconf 69' lang='lat' dir='ltr'><strong>coelum</strong></span> <span class='ocrx_word' id='word_1_263' title='bbox 556 4000 691 4069; x_wconf 85' lang='lat' dir='ltr'><strong>spectare</strong></span> <span class='ocrx_word' id='word_1_264' title='bbox 714 3990 807 4053; x_wconf 89' lang='lat' dir='ltr'><strong>oculis</strong></span> <span class='ocrx_word' id='word_1_265' title='bbox 829 3993 944 4071; x_wconf 89' lang='lat' dir='ltr'><strong>istoque</strong></span> <span class='ocrx_word' id='word_1_266' title='bbox 966 3991 1118 4070; x_wconf 89' lang='lat' dir='ltr'><strong>triumpho</strong></span> 
     </span>
    </p>
   </div>
   <div class='ocr_carea' id='block_1_3' title="bbox 163 4210 1483 4768">
    <p class='ocr_par' dir='ltr' id='par_1_3' title="bbox 163 4210 1483 4768">
     <span class='ocr_line' id='line_1_37' title="bbox 231 4210 1433 4277; baseline -0.006 -12"><span class='ocrx_word' id='word_1_267' title='bbox 231 4214 264 4246; x_wconf 72' lang='lat'><strong>⁶⁶⁸</strong></span> <span class='ocrx_word' id='word_1_268' title='bbox 282 4220 350 4265; x_wconf 83' lang='lat' dir='ltr'><strong>nata</strong></span> <span class='ocrx_word' id='word_1_269' title='bbox 369 4211 495 4275; x_wconf 74' lang='lat' dir='ltr'><strong>3.d.7.(!)</strong></span> <span class='ocrx_word' id='word_1_270' title='bbox 563 4211 598 4243; x_wconf 75' lang='lat'><strong>⁶²⁰</strong></span> <span class='ocrx_word' id='word_1_271' title='bbox 620 4212 803 4277; x_wconf 87' lang='lat' dir='ltr'><strong>Phlegetonta</strong></span> <span class='ocrx_word' id='word_1_272' title='bbox 824 4215 883 4262; x_wconf 73' lang='grc' dir='ltr'><strong>Μ.</strong></span> <span class='ocrx_word' id='word_1_273' title='bbox 953 4211 984 4243; x_wconf 78' lang='lat'><strong>⁶⁷¹</strong></span> <span class='ocrx_word' id='word_1_274' title='bbox 1004 4210 1162 4262; x_wconf 68' lang='lat' dir='ltr'><strong>Nullam.</strong></span> <span class='ocrx_word' id='word_1_275' title='bbox 1195 4211 1433 4261; x_wconf 61' lang='lat' dir='ltr'><strong>hollinstein</strong></span> 
     </span>
     <span class='ocr_line' id='line_1_38' title="bbox 163 4292 1483 4364; baseline -0.004 -18"><span class='ocrx_word' id='word_1_276' title='bbox 163 4306 258 4362; x_wconf 81' lang='lat' dir='ltr'><strong>reptem</strong></span> <span class='ocrx_word' id='word_1_277' title='bbox 276 4303 356 4364; x_wconf 81' lang='lat' dir='ltr'><strong>pedes</strong></span> <span class='ocrx_word' id='word_1_278' title='bbox 374 4297 583 4359; x_wconf 61' lang='lat' dir='ltr'><strong>cormeliensem,</strong></span> <span class='ocrx_word' id='word_1_279' title='bbox 603 4298 669 4346; x_wconf 69' lang='lat' dir='ltr'><strong>rende</strong></span> <span class='ocrx_word' id='word_1_280' title='bbox 688 4297 782 4347; x_wconf 81' lang='lat' dir='ltr'><strong>Christ.</strong></span> <span class='ocrx_word' id='word_1_281' title='bbox 798 4313 906 4362; x_wconf 78' lang='lat' dir='ltr'><strong>propos.</strong></span> <span class='ocrx_word' id='word_1_282' title='bbox 925 4295 1000 4346; x_wconf 89' lang='lat' dir='ltr'><strong>Nulli</strong></span> <span class='ocrx_word' id='word_1_283' title='bbox 1020 4296 1164 4361; x_wconf 78' lang='lat' dir='ltr'><strong>adaperto.</strong></span> <span class='ocrx_word' id='word_1_284' title='bbox 1220 4298 1267 4350; x_wconf 84' lang='lat' dir='ltr'><strong>De</strong></span> <span class='ocrx_word' id='word_1_285' title='bbox 1285 4292 1431 4347; x_wconf 77' lang='lat' dir='ltr'><strong>Prometheo,</strong></span> <span class='ocrx_word' id='word_1_286' title='bbox 1481 4336 1483 4341; x_wconf 89' lang='lat'><em>.</em></span> 
     </span>
     <span class='ocr_line' id='line_1_39' title="bbox 165 4375 1432 4447; baseline -0.006 -17"><span class='ocrx_word' id='word_1_287' title='bbox 165 4383 273 4447; x_wconf 86' lang='lat' dir='ltr'><strong>Ixione,</strong></span> <span class='ocrx_word' id='word_1_288' title='bbox 302 4381 436 4442; x_wconf 80' lang='lat' dir='ltr'><strong>Tantalo,</strong></span> <span class='ocrx_word' id='word_1_289' title='bbox 464 4380 581 4446; x_wconf 82' lang='lat' dir='ltr'><strong>Sisypho</strong></span> <span class='ocrx_word' id='word_1_290' title='bbox 608 4396 846 4446; x_wconf 81' lang='lat' dir='ltr'><strong>supervacaneum</strong></span> <span class='ocrx_word' id='word_1_291' title='bbox 873 4386 916 4432; x_wconf 89' lang='lat' dir='ltr'><strong>ost</strong></span> <span class='ocrx_word' id='word_1_292' title='bbox 935 4381 1076 4431; x_wconf 84' lang='lat' dir='ltr'><strong>adnotare.</strong></span> <span class='ocrx_word' id='word_1_293' title='bbox 1146 4379 1179 4412; x_wconf 73' lang='lat'><strong>⁶⁷¹</strong></span> <span class='ocrx_word' id='word_1_294' title='bbox 1198 4375 1432 4430; x_wconf 82' lang='lat' dir='ltr'><strong>intollerabiliorl.</strong></span> 
     </span>
     <span class='ocr_line' id='line_1_40' title="bbox 163 4459 1422 4533; baseline -0.007 -16"><span class='ocrx_word' id='word_1_295' title='bbox 163 4466 196 4498; x_wconf 70' lang='lat'><strong>⁶⁷⁴</strong></span> <span class='ocrx_word' id='word_1_296' title='bbox 216 4467 358 4533; x_wconf 74' lang='lat' dir='ltr'><strong>Sysiphias</strong></span> <span class='ocrx_word' id='word_1_297' title='bbox 376 4469 435 4517; x_wconf 81' lang='lat' dir='ltr'><strong>edd.</strong></span> <span class='ocrx_word' id='word_1_298' title='bbox 506 4463 538 4496; x_wconf 75' lang='lat'><strong>⁰⁷⁵</strong></span> <span class='ocrx_word' id='word_1_299' title='bbox 557 4481 683 4530; x_wconf 82' lang='lat' dir='ltr'><strong>quanque</strong></span> <span class='ocrx_word' id='word_1_300' title='bbox 702 4466 1050 4529; x_wconf 55' lang='lat' dir='ltr'><strong>accelerentque.</strong></span> <span class='ocrx_word' id='word_1_301' title='bbox 1120 4464 1153 4498; x_wconf 73' lang='lat'><strong>⁶⁸¹</strong></span> <span class='ocrx_word' id='word_1_302' title='bbox 1173 4467 1327 4531; x_wconf 68' lang='lat' dir='ltr'><strong>„legendum</strong></span> <span class='ocrx_word' id='word_1_303' title='bbox 1342 4459 1422 4527; x_wconf 83' lang='lat' dir='ltr'><strong>promit</strong></span> 
     </span>
     <span class='ocr_line' id='line_1_41' title="bbox 164 4547 1430 4617; baseline -0.003 -19"><span class='ocrx_word' id='word_1_304' title='bbox 164 4555 243 4600; x_wconf 81' lang='lat' dir='ltr'><strong>tere&#39;&#39;</strong></span> <span class='ocrx_word' id='word_1_305' title='bbox 263 4551 407 4601; x_wconf 84' lang='lat' dir='ltr'><strong>Christius.</strong></span> <span class='ocrx_word' id='word_1_306' title='bbox 433 4553 476 4601; x_wconf 83' lang='lat' dir='ltr'><strong>Nil</strong></span> <span class='ocrx_word' id='word_1_307' title='bbox 491 4556 571 4603; x_wconf 76' lang='lat' dir='ltr'><strong>mrito:</strong></span> <span class='ocrx_word' id='word_1_308' title='bbox 590 4552 759 4615; x_wconf 74' lang='lat' dir='ltr'><strong>praemittere</strong></span> <span class='ocrx_word' id='word_1_309' title='bbox 777 4558 815 4601; x_wconf 82' lang='lat' dir='ltr'><strong>est</strong></span> <span class='ocrx_word' id='word_1_310' title='bbox 833 4553 1027 4617; x_wconf 75' lang='lat' dir='ltr'><strong>praeseferre.</strong></span> <span class='ocrx_word' id='word_1_311' title='bbox 1081 4548 1242 4600; x_wconf 74' lang='lat' dir='ltr'><strong>⁸⁹⁰senist.</strong></span> <span class='ocrx_word' id='word_1_312' title='bbox 1293 4547 1430 4596; x_wconf 75' lang='lat' dir='ltr'><strong>⁶⁸⁵Lemm</strong></span> 
     </span>
     <span class='ocr_line' id='line_1_42' title="bbox 164 4629 1428 4701; baseline 0.002 -19"><span class='ocrx_word' id='word_1_313' title='bbox 164 4637 193 4683; x_wconf 94' lang='lat' dir='ltr'><strong>in</strong></span> <span class='ocrx_word' id='word_1_314' title='bbox 206 4641 230 4684; x_wconf 84' lang='lat'><strong>5.</strong></span> <span class='ocrx_word' id='word_1_315' title='bbox 244 4640 297 4685; x_wconf 89' lang='lat' dir='ltr'><strong>est:</strong></span> <span class='ocrx_word' id='word_1_316' title='bbox 312 4631 488 4701; x_wconf 80' lang='lat' dir='ltr'><strong>Peperdi-ltor</strong></span> <span class='ocrx_word' id='word_1_317' title='bbox 501 4633 650 4694; x_wconf 62' lang='lat' dir='ltr'><strong>tta-{niente</strong></span> <span class='ocrx_word' id='word_1_318' title='bbox 697 4634 730 4666; x_wconf 78' lang='lat'><strong>‘⁵⁹⁹</strong></span> <span class='ocrx_word' id='word_1_319' title='bbox 744 4637 862 4686; x_wconf 89' lang='lat' dir='ltr'><strong>evinctis</strong></span> <span class='ocrx_word' id='word_1_320' title='bbox 874 4640 931 4687; x_wconf 59' lang='lat' dir='ltr'><strong>td,</strong></span> <span class='ocrx_word' id='word_1_321' title='bbox 951 4637 1051 4686; x_wconf 85' lang='lat' dir='ltr'><strong>evictis</strong></span> <span class='ocrx_word' id='word_1_322' title='bbox 1065 4640 1087 4685; x_wconf 88' lang='lat' dir='ltr'><strong>l.</strong></span> <span class='ocrx_word' id='word_1_323' title='bbox 1094 4643 1120 4686; x_wconf 89' lang='lat' dir='ltr'><strong>et</strong></span> <span class='ocrx_word' id='word_1_324' title='bbox 1132 4638 1220 4691; x_wconf 81' lang='lat' dir='ltr'><strong>ceteri,</strong></span> <span class='ocrx_word' id='word_1_325' title='bbox 1231 4637 1308 4699; x_wconf 73' lang='lat' dir='ltr'><strong>falso.</strong></span> <span class='ocrx_word' id='word_1_326' title='bbox 1352 4629 1381 4662; x_wconf 62' lang='grc' dir='ltr'><strong>’ω</strong></span> <span class='ocrx_word' id='word_1_327' title='bbox 1390 4639 1428 4676; x_wconf 61' lang='lat'><strong>⁶¹2·</strong></span> 
     </span>
     <span class='ocr_line' id='line_1_43' title="bbox 164 4717 265 4768; baseline 0.01 -1"><span class='ocrx_word' id='word_1_328' title='bbox 164 4717 219 4767; x_wconf 89' lang='lat' dir='ltr'><strong>lum</strong></span> <span class='ocrx_word' id='word_1_329' title='bbox 239 4722 265 4768; x_wconf 86' lang='grc'><strong>3.</strong></span> 
     </span>
    </p>
   </div>
   <div class='ocr_carea' id='block_1_4' title="bbox 0 0 1652 5354">
    <p class='ocr_par' dir='ltr' id='par_1_4' title="bbox 0 0 1652 5354">
     <span class='ocr_line' id='line_1_44' title="bbox 0 0 1652 5354; baseline 0 0"><span class='ocrx_word' id='word_1_330' title='bbox 0 0 1652 5354; x_wconf 95' lang='lat' dir='ltr'><strong> </strong></span> 
     </span>
    </p>
   </div>
  </div>
 </body>
</html>
