3270 5354
139 392 228 431 ῊΙΙΙ
238 392 574 431 nont-mummii
587 394 623 429 VT
632 394 745 430 annuunt
755 395 784 429 m
794 395 920 431 VENBTOS
931 395 1048 438 PROEEQ.
1056 367 1302 434 nxnonranontvtt.
1326 367 1396 440 ¹35

307 547 424 629 Inspice
446 554 491 608 tot
512 548 615 609 mundi
636 547 807 608 discrimina
831 556 859 608 et
881 549 993 626 inspice
1016 567 1115 610 casus:

391 648 496 711 Omnia
519 655 619 709 nostra
643 664 713 725 vaga
736 647 896 710 mobilitate
918 650 1033 719 labant:

149 830 152 835 1
307 749 453 830 Quicquid
475 750 586 811 habent
606 749 743 811 homines
765 752 901 829 rapitlum
924 759 1057 813 versatur
1079 752 1116 815 atl
1137 772 1223 815 axem

256 872 296 915 nc
388 851 427 915 Et
447 868 502 930 par
524 850 684 929 inaqualcs
706 852 785 930 itque
808 852 944 931 reditque
966 860 1056 915 rotas.

306 954 373 1033 lacn
394 953 502 1015 octiens
523 952 622 1014 metio
645 952 744 1013 radios
766 953 938 1014 moderatur
960 953 996 1014 ab
1019 974 1074 1017 arc

390 1054 523 1123 Fortuna
546 1061 575 1115 ct
596 1060 709 1115 tantum
732 1053 834 1114 sedula
857 1063 953 1116 versat
975 1074 1065 1135 opus:

306 1156 390 1219 Stant
410 1156 546 1217 licmincs
567 1156 744 1232 circumque·
761 1157 823 1216 suis
845 1156 911 1218 data
933 1163 1067 1235 tempora
1089 1158 1193 1230 rebus,

256 1280 296 1345 cac
390 1256 494 1319 Omnia
518 1257 687 1317 immincum
710 1256 784 1318 tlesa
806 1258 862 1319 sub
885 1257 1055 1329 arbitrium,

307 1358 364 1431 uui
385 1358 476 1421 modo
497 1376 632 1420 summus
654 1365 719 1419 crat
739 1357 784 1419 vel
807 1361 857 1437 qui
880 1359 969 1421 modo
992 1361 1145 1437 proximus
1166 1360 1221 1431 illi,

390 1460 464 1523 Cum
485 1459 564 1522 volet
585 1459 661 1527 haec,
685 1458 754 1536 agili
776 1477 888 1536 pronus
910 1461 947 1521 ab
970 1479 1025 1522 axa
1046 1462 1145 1523 cadet:

307 1562 380 1637 Qun
400 1561 489 1643 paulo
511 1569 595 1629 anta,
619 1560 712 1623 oculis
734 1580 803 1622 cum
825 1568 854 1621 tc
875 1571 1023 1640 spectaret
1044 1564 1166 1641 iniquia,

255 1685 294 1727 cci
388 1662 514 1725 iniustas
535 1663 653 1724 Vcnctae
675 1660 793 1725 sustulit
814 1661 896 1723 urbis
918 1680 1005 1741 opos,

306 1764 402 1829 &utic
423 1764 510 1832 milri,
534 1765 693 1843 ancipitem
716 1781 783 1825 cum
808 1766 929 1824 verterit
950 1767 1032 1825 irrita
1054 1764 1179 1837 rnolcm,

390 1866 477 1929 lianc
498 1883 601 1927 rerum
623 1867 771 1943 integrum
794 1883 854 1925 nou
877 1868 953 1927 sinet
975 1885 1039 1927 esse
1060 1874 1177 1928 statum.

305 1967 388 2031 tude
398 1966 481 2048 quod
497 1976 526 2028 ct
540 1966 662 2027 scolaris
676 1968 759 2045 piget
773 1967 828 2026 hos
842 1967 1016 2045 veniamque
1030 1977 1206 2047 precantur,

253 2088 294 2129 ass
387 2068 482 2137 Dum,
505 2076 613 2147 quanta
637 2076 698 2137 cst,
722 2068 815 2147 patuit
835 2070 964 2128 numinis
985 2070 1029 2129 ira
1051 2071 1101 2132 tui.

306 2168 369 2241 Sci,
386 2171 456 2251 quia
479 2169 558 2231 nulla
581 2170 654 2231 litias
676 2169 748 2239 titis,
772 2171 840 2249 quia
863 2178 947 2248 pacta
968 2169 1135 2243 resolvunt,

388 2271 427 2332 m
448 2273 598 2351 quianon
621 2288 751 2351 unquam
774 2271 885 2333 loetlcrc
908 2279 986 2334 staro
1008 2271 1118 2344 solent,

304 2374 490 2452 Quamquam
505 2375 588 2451 pacis
602 2381 702 2433 cmaot
716 2379 890 2450 praetcxtum
906 2382 936 2434 ot
950 2392 1075 2435 munerc
1089 2381 1221 2454 captent,

254 2494 294 2537 m
387 2474 434 2537 'l'u
456 2480 555 2536 tamen
577 2476 602 2544 i,
627 2475 729 2552 coeptis
751 2477 994 2554 propositumque
1017 2484 1094 2536 tcnc.

305 2573 409 2639 Nullus
431 2578 463 2637 in
485 2576 612 2637 admisso
636 2574 847 2645 accinimus,
872 2576 1002 2654 undiquc
1024 2595 1112 2638 causa
1134 2584 1193 2649 cst,

389 2676 423 2739 ln
446 2675 573 2739 Vcnctos
595 2676 725 2737 clemens
747 2695 801 2738 cur
823 2676 953 2739 haboarc
975 2679 1087 2748 minus;

304 2900 410 2977 lnspicc
432 2908 475 2957 tot
497 2900 591 2957 muntii
612 2900 768 2956 discrimina
790 2910 817 2956 ot
840 2901 942 2976 inspice
965 2919 1058 2960 casus:

265 3000 292 3044 89
387 2986 482 3044 (imula
504 2994 599 3041 nostra
623 3003 688 3059 vaga
711 2985 864 3042 mobilitate
884 2995 984 3055 ratuot3

305 3071 441 3146 Quicquid
463 3070 564 3127 halicnt
587 3070 711 3126 hunrincs
734 3070 856 3145 rapidum
879 3079 1004 3127 versatur
1025 3073 1058 3128 atl
1080 3073 1172 3129 orbem

388 3156 422 3213 Et
443 3171 494 3230 per
516 3153 664 3229 iuanqualcs
687 3156 762 3228 itquc
784 3156 909 3228 rctlitquc
932 3158 1012 3211 vices,

271 3245 275 3251 '
305 3240 365 3317 ipsa
387 3240 486 3297 sedens
508 3239 597 3295 modio
620 3239 711 3295 radios
734 3239 890 3296 rriotloratur
912 3240 945 3295 alr
967 3257 1015 3296 axo

268 3341 295 3385 cc
390 3325 512 3383 Fortuna
534 3330 562 3380 ct
586 3332 690 3380 tantum
714 3324 806 3380 sellula
830 3332 919 3380 versat
941 3342 1026 3398 opus;

306 3411 386 3468 Stant
407 3408 531 3466 hominos
553 3410 708 3481 circumque
731 3410 789 3464 suis
812 3409 873 3465 olata
897 3417 1019 3482 titioporo
1043 3410 1124 3465 rclrus

390 3494 484 3551 Omma
507 3493 663 3550 soemincum
686 3494 792 3548 stabilito
812 3495 852 3549 cd
873 3493 1028 3553 arbitrium.

305 3579 356 3648 Qui
378 3579 460 3635 morlo
482 3595 604 3635 summus
626 3587 686 3634 crat
708 3579 748 3633 rol
772 3579 818 3651 qui
842 3579 922 3634 nouo
945 3578 1085 3652 proximus
1109 3578 1162 3640 illi.
1263 3606 1268 3611 ·

266 3659 293 3703 ⁹⁶
389 3663 454 3721 Cum
476 3664 538 3719 uelit
558 3663 629 3723 ltaec.
652 3662 717 3735 agili
739 3680 843 3736 pronus
864 3663 898 3717 ali
920 3680 968 3719 arc
990 3664 1074 3718 ccidit:

305 3746 371 3817 Qun
392 3748 476 3823 patilo
498 3756 573 3810 ante,
598 3745 686 3803 oculis
708 3765 768 3804 cum
785 3755 820 3803 ‹tc
842 3755 979 3821 spectaret
1001 3748 1115 3822 iniquis,

388 3834 505 3891 Iniustas
527 3833 636 3888 Vcnctae
658 3831 772 3888 sustulit
794 3831 869 3887 urbis
892 3849 974 3906 opes,

304 3917 389 3975 Crcdc
411 3917 493 3978 milri.
517 3918 662 3991 ancipitum
686 3934 746 3973 cum
769 3917 882 3973 verterit
903 3917 994 3972 incido
1018 3915 1131 3978 rutilam.

253 3996 291 4040 ¹⁰⁰
387 4002 462 4059 llunc
483 4018 575 4058 rcmm
598 4002 736 4073 integrum
758 4018 813 4056 non
836 4004 906 4056 siunt
927 4017 987 4056 csse
1010 4010 1118 4057 statum.

304 4088 379 4145 Adde
402 4087 475 4163 quod
499 4096 526 4142 ct
549 4085 660 4142 sceleris
682 4087 758 4160 piget
780 4086 830 4141 lios
853 4086 1010 4158 rcniamquc
1033 4095 1194 4159 precantur.

388 4172 468 4233 lium,
492 4179 593 4245 quanta
615 4178 671 4232 cst,
693 4170 782 4244 patuit
805 4171 923 4225 rruruinis
945 4170 984 4225 ira
1008 4170 1057 4225 tui.

306 4256 359 4314 Seu
382 4257 447 4332 quia
469 4254 544 4313 nulla
566 4254 632 4311 ildcs
655 4255 724 4317 illis,
748 4255 808 4329 qula
831 4264 909 4329 pacta
933 4254 1087 4316 resolvunt,

252 4356 289 4399 tat
384 4342 418 4397 Et
438 4343 568 4415 quoniam
588 4356 729 4412 natrcqoom
752 4340 853 4395 ltcdcrc
876 4349 949 4395 stare
972 4339 1075 4399 solent,

304 4424 463 4501 Quanquam
487 4425 561 4500 pacis
584 4433 674 4481 corant
695 4432 857 4498 protentum
880 4432 906 4478 ct
923 4423 1029 4495 fraude
1048 4430 1191 4490 relaxant,

334 4580 338 4587 .
390 4512 431 4567 'l'u
453 4520 541 4567 tamon
566 4511 588 4572 i,
611 4509 709 4584 emptis
731 4508 956 4583 propositumque
979 4516 1057 4562 tono:

139 4642 304 4655 *n-

1342 4521 1399 4574 (Μ)

168 4702 206 4745 ¹¹⁸
222 4708 268 4762 (li.
281 4708 386 4777 dialog.
399 4710 513 4761 Fortun.
565 4706 599 4742 ¹⁸⁴
616 4703 741 4773 sustulit]
757 4706 842 4769 auxit,
856 4704 986 4756 inmaiuc
1000 4704 1106 4756 extulit.
1159 4702 1191 4738 ”¹
1209 4702 1229 4770 i]
1243 4702 1257 4754 c
1272 4705 1396 4754 caea
