3270 5354
539 1127 736 1187 t’tttlt't'rto
759 1124 938 1188 llltlTlllllS.

160 1314 279 1365 Littera
297 1315 322 1363 si
342 1312 452 1378 quando
475 1328 561 1361 novas
585 1314 638 1362 sibi
662 1313 773 1362 irnlnere
798 1312 899 1361 formas
922 1305 1100 1362 desinerent,
1128 1311 1194 1348 uon
1220 1292 1342 1359 puncti
1361 1296 1405 1333 Μ

90 1400 178 1448 emori
197 1397 311 1448 tandem
331 1399 409 1463 ipse,
444 1397 632 1461 [nequidem
653 1398 800 1462 eademque
819 1380 919 1461 ubique
937 1391 1056 1441 locorum
1078 1401 1118 1434 ac
1132 1388 1307 1445 temporum
1320 1376 1406 1422 ΜΠ*

90 1486 176 1545 ritas,
195 1484 284 1542 ratio,
306 1482 479 1537 humanitas,
503 1496 558 1530 una
582 1481 731 1547 cademque
754 1481 875 1540 bonitas,
901 1474 1021 1535 iustitis,
1045 1471 1211 1526 honestas,
1239 1473 1318 1512 nnus
1339 1455 1407 1504 deu:

89 1567 274 1635 ffuilosophiae
294 1573 401 1622 autem,
426 1566 493 1615 iuris
517 1565 664 1619 doctrinae,
689 1564 835 1629 theologius
855 1566 883 1612 at
901 1576 981 1626 qnam
999 1558 1127 1609 diversae
1147 1554 1225 1601 suut
1243 1562 1299 1613 pro
1316 1548 1409 1605 iefll’l

91 1668 152 1702 rum
175 1652 353 1716 locorumque
376 1650 599 1711 diversitatilrus3
623 1649 881 1714 philosophumens,
904 1642 1168 1707 dicaeologumena,
1196 1630 1411 1694 211le

92 1737 220 1797 variant,
240 1744 271 1786 at
287 1735 408 1795 veritas,
428 1734 548 1789 iustitia,
568 1734 635 1783 deus
653 1750 706 1783 non
726 1734 843 1784 variant.
879 1730 982 1793 deoque
1000 1725 1187 1787 veritatique
1210 1730 1312 1783 neque
1329 1711 1412 1802 decr?

91 1836 172 1871 scere
191 1820 341 1885 quidquam
360 1834 449 1883 neque
469 1818 631 1867 adcrescere
649 1823 752 1884 potest,
770 1815 819 1866 sed
837 1831 916 1881 qnam
935 1815 963 1862 in
982 1807 1130 1860 mentibus
1149 1802 1270 1856 nostris
1287 1797 1336 1849 dei
1351 1806 1412 1846 ren·

92 1904 217 1970 tutisque
236 1904 352 1953 formam
371 1902 555 1966 imaginemve
573 1903 652 1951 nobis
670 1902 793 1967 tingimus
812 1917 871 1950 eum
889 1897 982 1965 populi
1000 1901 1060 1945 tum
1079 1888 1264 1956 singulares
1288 1880 1414 1933 henim

94 1987 260 2053 sequidem
279 1987 360 2036 varia
378 1992 407 2035 et
425 1979 627 2035 commutabilis
645 1992 703 2047 cst,
726 1986 947 2050 unumquisque,
971 1995 1026 2030 non
1044 1991 1138 2026 unam
1163 1972 1327 2024 habemus.
1360 1964 1416 2028 11¹⁸

95 2086 204 2136 quoque
224 2071 261 2119 ab
279 2069 408 2135 humanis
426 2071 546 2133 ingeniis
564 2076 710 2135 procreata
727 2086 812 2135 opera
829 2069 876 2118 nbi
894 2062 1089 2116 transformari
1100 2059 1296 2115 ,nosternon
1316 2050 1417 2103 obliti*

99 2160 164 2204 rata
187 2155 248 2203 vita
272 2168 324 2203 sua
347 2153 445 2202 functa
468 2158 539 2202 sunt.
577 2155 647 2218 qrrod
670 2155 703 2204 de
728 2155 768 2204 cis
791 2168 895 2218 qnoque
919 2149 1047 2216 operibus
1079 2143 1262 2210 opificiisve
1288 2152 1354 2204 qua
1370 2146 1419 2182 Μ

98 2239 188 2303 ipsius
211 2237 324 2287 humaui
350 2238 457 2300 ingenii
479 2239 590 2302 propria
612 2239 783 2302 ingenueque
803 2238 906 2298 forma,
929 2233 1014 2286 verbo
1032 2235 1120 2297 puts,
1149 2227 1208 2278 sed
1234 2238 1338 2277 rerum
1359 2217 1421 2270 tili·

98 2321 317 2386 corporibusque
337 2326 416 2370 extra
433 2320 570 2371 hominem
588 2323 769 2371 existentibus
786 2323 840 2371 vim
858 2334 935 2370 suam
954 2319 1106 2377 exercent,
1132 2311 1238 2365 veluti
1258 2307 1368 2375 riguit,
1387 2306 1422 2350 ²¹·

98 2404 174 2455 bulis
192 2405 294 2470 pictis,
313 2404 454 2464 aedificiis,
474 2405 598 2470 templis,
617 2422 709 2455 verum
729 2422 788 2456 esse
806 2405 850 2454 hic
868 2420 920 2453 uon
939 2398 1162 2459 demonstrabo,
1185 2396 1244 2447 eed
1264 2394 1305 2444 de
1325 2391 1368 2441 eit
1382 2385 1422 2435 ΙΝ·

99 2505 191 2539 manae
209 2488 313 2539 mentis
330 2502 366 2537 ac
384 2489 564 2552 cogitationis
583 2490 752 2540 facinoribus
771 2489 902 2554 praedico,
922 2500 983 2550 quse
1002 2490 1064 2534 tota
1084 2482 1187 2548 ipsius
1208 2484 1295 2540 suut,
1315 2490 1372 2526 non
1388 2484 1425 2521 et·

99 2573 240 2623 trinsecus
264 2573 360 2638 petitis
384 2573 465 2621 relius
489 2575 619 2632 formata,
644 2574 677 2623 dc
701 2574 851 2623 divinornm
874 2579 966 2621 vatum
991 2569 1038 2633 qui
1061 2582 1136 2617 vere
1164 2568 1243 2616 eunt
1271 2551 1427 2627 asportandi

101 2658 254 2724 poematis,
279 2656 341 2705 eive
365 2670 400 2704 ea
418 2664 553 2706 canantur
570 2658 629 2706 sive
648 2657 788 2719 dicantur,
811 2658 862 2707 hoc
881 2661 923 2705 est
941 2655 1000 2703 sive
1019 2652 1149 2717 propriis
1171 2649 1373 2700 divinitatem
1387 2639 1428 2690 ht·

102 2755 214 2792 menam
232 2739 404 2805 praedicandi
423 2740 490 2788 artis
508 2740 614 2803 legibus
632 2741 763 2789 adstricto
781 2742 838 2789 sive
858 2741 891 2788 ab
909 2739 963 2787 hiis
981 2736 1097 2800 legibus
1117 2734 1226 2785 soluto
1240 2729 1332 2782 modo
1344 2742 1380 2777 ex
1391 2720 1431 2774 illt

103 2825 199 2874 divino
218 2823 296 2875 fonte
316 2825 362 2888 qui
381 2823 500 2871 hnmano
519 2832 630 2887 pectore
648 2824 808 2886 includitur,
828 2824 975 2889 profluant:
995 2835 1061 2869 nam
1081 2834 1176 2870 nemo
1198 2814 1367 2882 negaverit
1383 2808 1430 2858 Et

103 2923 222 2969 merum,
242 2923 322 2972 quem
341 2907 472 2968 dicimus,
492 2906 680 2972 philosophum
700 2923 802 2972 quoqne
822 2913 849 2956 et
866 2906 1025 2955 historicum
1047 2908 1078 2953 et
1097 2903 1285 2953 divinarum
1303 2899 1433 2950 humm-

104 3005 219 3055 rumque
238 3007 330 3040 rerum
347 2990 536 3049 sacerdotem,
562 2991 728 3039 Herodotum
750 3006 855 3056 quoque
874 2994 983 3055 poetam
1008 3004 1042 3038 ac
1062 2986 1235 3037 Platonem
1262 2976 1434 3049 &eduam-

105 3075 148 3124 Ad
167 3075 335 3124 Pisistratus
357 3082 452 3125 tamen
471 3079 594 3137 tempora
613 3075 816 3124 Homeris-orum
836 3074 985 3123 carminum
1004 3071 1437 3135 radegundem-restauras

105 3158 256 3222 dorumque
275 3159 396 3208 studium
416 3157 572 3216 adsccndit,
599 3162 627 3205 et
654 3165 780 3220 ‹prantnm
805 3164 922 3207 mutatus
942 3162 983 3205 cst
1001 3155 1137 3204 Belrlreri
1159 3155 1324 3206 Homerus
1343 3151 1381 3200 ab
1397 3144 1439 3197 illu

107 3241 203 3308 pueris
220 3241 301 3290 nobis
320 3240 402 3290 lecto.
440 3246 468 3289 ct
486 3240 654 3289 Herodotum
673 3240 866 3306 Platonemque
886 3256 975 3290 nonne
1001 3239 1077 3303 apud
1106 3255 1223 3290 omncs
1245 3236 1383 3289 eruditos
1398 3246 1440 3299 pt·

107 3323 189 3391 pulos
213 3323 301 3372 denuo
325 3338 434 3388 semper
457 3328 484 3371 et
508 3323 611 3372 edimus
634 3330 662 3372 et
683 3326 811 3374 vertimus
835 3330 863 3375 et
885 3327 1036 3385 imitamur,
1061 3325 1128 3373 sive
1158 3323 1368 3373 emendemus
1389 3318 1441 3368 sivt

107 3410 333 3470 corrumpamus?
352 3406 423 3455 Item
436 3404 599 3469 linguarum,
617 3407 646 3454 in
664 3408 756 3470 primis
775 3426 866 3458 earum
886 3425 953 3473 quem
973 3391 1119 3456 c'mortuae
1140 3424 1207 3457 non
1230 3408 1360 3458 omnino
1373 3404 1441 3453 reett

108 3489 282 3541 nominamus
300 3487 378 3552 (nam
398 3504 463 3538 ecce
481 3504 536 3537 non
554 3489 639 3538 solum
652 3492 836 3542 Idomenenses
853 3494 955 3557 linguae
974 3493 1082 3556 vigent,
1104 3492 1163 3541 sed
1186 3497 1222 3543 et
1243 3508 1313 3549 uos,
1335 3483 1443 3556 quieri-

110 3575 204 3638 ginem
223 3587 277 3622 uon
296 3573 420 3622 ducimus
439 3588 456 3621 a
473 3572 582 3637 populis
600 3574 721 3623 Romano
740 3577 872 3639 quondam
895 3577 1007 3641 imperio
1031 3575 1202 3638 subiectis,
1233 3577 1354 3627 Latine
1374 3571 1444 3622 urs·

111 3671 199 3721 oeque
218 3656 333 3705 cottidie
351 3656 470 3722 legimus
490 3657 687 3722 scribimusque
706 3660 808 3722 passim
827 3668 916 3724 atque,
935 3662 959 3708 si
971 3660 1012 3708 dis
1026 3658 1138 3724 placet,
1162 3660 1328 3726 loquimur
1341 3650 1446 3713 etiam).

111 3739 269 3804 linguarum
290 3738 357 3788 ite'm
381 3738 573 3789 discendarum
597 3740 831 3805 docendarumque
855 3758 912 3803 ars,
939 3748 966 3792 et
989 3744 1012 3791 si
1039 3743 1086 3793 vel
1106 3746 1204 3796 nnius
1226 3761 1257 3795 e.
1272 3760 1320 3809 gr.
1336 3739 1447 3792 Larisa

112 3822 298 3887 grammatica
315 3826 470 3886 spectatur,
496 3839 550 3872 non
574 3826 660 3887 magis
679 3840 732 3873 una
750 3840 856 3890 semper
875 3827 1023 3890 eademque
1043 3841 1109 3876 esse
1131 3833 1251 3893 potest.
1263 3842 1359 3893 qnam
1378 3822 1449 3874 idem

113 3907 157 3954 ins
174 3906 339 3966 Romanum,
360 3910 390 3954 ut
409 3905 492 3953 adfini
513 3911 541 3953 et
560 3907 629 3968 quod
648 3907 713 3955 mihi
732 3908 869 3958 familiare
889 3916 930 3959 est
949 3908 1075 3973 exemplo
1095 3915 1186 3969 utar,
1209 3913 1327 3962 eodem
1345 3909 1449 3972 ubiqut

114 3993 143 4037 et
161 3988 196 4038 ab
214 3987 341 4038 omnibns
359 4003 413 4036 uuo
432 3988 511 4036 modo
529 3987 599 4036 disci
617 3989 761 4053 decorique
780 3996 877 4056 potest.
913 3993 994 4042 Suam
1014 3993 1151 4057 quodque
1165 4002 1309 4061 tempus,
1332 3994 1450 4060 quisque

115 4071 238 4134 populus,
259 4085 374 4136 quseque
387 4070 476 4134 regio,
496 4071 608 4133 quisque
621 4072 736 4135 denique
753 4075 832 4125 homo
850 4077 992 4136 rationem,
1012 4079 1165 4140 propriam
1179 4079 1377 4139 methodum,
1395 4077 1450 4127 siu·

102 4151 239 4228 ‘gularem
258 4154 346 4214 viam,
372 4152 457 4201 aliam
476 4152 534 4200 alia
553 4168 585 4201 cx
603 4151 654 4202 hac
672 4157 933 4220 partefeliciorem,
957 4176 991 4209 er
1010 4159 1069 4208 alia
1095 4161 1311 4221 deteriorem,
1340 4163 1397 4213 init
1418 4174 1451 4207 tt

33 4234 510 4313 1..:{⁸?‘l¹¹i‘¹¹¹2utlldeumdemr
536 4249 614 4298 quem
632 4240 716 4285 totum
734 4253 810 4288 nemo
829 4242 996 4304 mortalium,
1021 4244 1077 4292 etsi
1098 4248 1245 4308 proxime
1269 4248 1372 4309 absit,
1396 4258 1452 4294 nm·

32 4324 198 4401 gigonem
216 4318 388 4382 adsequitur,
414 4317 497 4366 finem
519 4317 670 4382 perveniat.
704 4319 740 4368 At
762 4323 808 4384 qui
829 4322 935 4374 litteras
960 4326 994 4374 ad
1018 4329 1191 4380 mercedem
1221 4333 1402 4393 abducunt,
1424 4330 1454 4377 ut

32 4422 39 4429 ·
77 4394 83 4429 ἶ
119 4398 208 4460 magis
225 4399 266 4447 rei
284 4399 417 4448 familiari
435 4399 571 4462 augendae
589 4403 737 4464 temporive
761 4404 878 4455 molliter
901 4408 1014 4457 terendo
1038 4426 1124 4474 quam
1149 4419 1255 4466 menti
1280 4413 1453 4467 excolende

118 4479 285 4543 veritatique
305 4481 488 4544 adsequendae
507 4480 649 4542 studeant,
673 4485 692 4531 ii
712 4492 881 4535 contemnere
905 4491 993 4540 solent
1018 4508 1034 4540 a
1059 4497 1232 4549 maioribus
1262 4501 1453 4567 excogritttt⁸

118 4560 274 4610 litterariae
293 4563 377 4611 etiarn
397 4568 473 4611 artes
497 4562 684 4627 rationesque,
707 4572 737 4615 ut
760 4568 856 4617 multos
874 4571 907 4620 de
926 4577 1065 4638 superetis
1086 4581 1334 4637 condicionibus
1355 4582 1453 4635 eodem
