3270 5354
170 371 348 422 ADDENDA
360 371 410 420 AD
422 370 505 424 VOL.
515 371 566 422 111.
587 387 709 423 uvasssr
723 387 759 422 an
773 387 977 427 sessionarias.
991 388 1026 423 sc
1039 388 1203 424 narbasani
1217 386 1373 427 aaronitas.
1393 358 1467 430 563

568 538 634 602 AD
655 538 875 604 VOLVMEN
897 538 989 605 HOC
1011 539 1076 604 III.

171 677 217 726 na
233 676 299 741 ray.
313 676 337 726 t.
352 677 435 726 aare:

512 760 684 823 VllllLlilCl
707 761 872 823 HVTTENl
895 761 1126 823 PlthlGENAE

560 880 610 929 AD
629 879 831 931 LECTOREM
849 881 1078 931 EPIGRAMMA.

375 998 406 1058 Si
429 1017 486 1078 qua
509 999 591 1067 novi,
614 997 722 1067 lector,
746 1007 883 1078 superest
905 999 958 1059 tibi
980 1016 1052 1060 cura
1074 1006 1186 1080 poetae,

460 1100 555 1161 iturea
579 1099 693 1160 Lusaoii
718 1102 847 1161 carmina
871 1102 943 1162 vatis
965 1119 1045 1162 ama:

374 1200 424 1261 llla
448 1201 560 1261 dabunt
584 1202 719 1280 equidem
742 1221 841 1263 vaouae
864 1200 966 1263 solatia
991 1205 1096 1273 menti,

350 1322 362 1362 a
463 1302 596 1363 invenies
619 1305 647 1363 in
671 1304 713 1363 eis
736 1304 814 1380 quod
838 1304 975 1366 didicisse
997 1304 1083 1373 velis;

375 1404 439 1465 Non
463 1406 517 1465 nisi
539 1422 623 1464 sacra
646 1408 738 1473 canit,
762 1405 894 1466 celebrat
915 1407 1028 1467 virtutis
1050 1405 1200 1475 alumnos,

460 1505 661 1583 Magnanimos
684 1508 815 1567 numeris
838 1507 941 1567 extulit
963 1507 1011 1568 ille
1034 1509 1128 1576 viros;

374 1607 416 1668 lle
438 1610 546 1686 pietate
569 1609 635 1687 pius
658 1608 726 1668 lecit
747 1627 800 1669 sua
824 1610 954 1670 carmina
977 1615 1057 1671 vates

349 1731 362 1769 s
461 1709 497 1769 Et
520 1709 556 1769 de
578 1709 745 1786 verbigena
768 1709 921 1788 relligione
944 1711 1005 1778 dei:

375 1809 461 1871 Nulla
485 1809 648 1888 Cupidineo
671 1809 814 1872 maculata
838 1820 882 1872 est
904 1815 1009 1891 pagina
1033 1831 1136 1884 versu,

459 1911 562 1973 Omnia
586 1920 654 1973 sunt
677 1913 763 1973 huius
786 1915 914 1974 carmina
937 1921 1015 1974 casta
1038 1912 1115 1975 libri.

374 2014 448 2074 ilinc
472 2014 555 2074 trahe
578 2034 636 2093 quo
660 2016 736 2075 vivas
758 2023 861 2093 pacto,
886 2034 951 2094 quae
973 2016 1097 2077 crimina
1119 2017 1207 2086 vites,

336 2136 361 2177 ¹²
460 2115 594 2176 Invenies
616 2118 713 2176 animo
737 2117 865 2177 carmina
890 2125 971 2195 grata
995 2126 1059 2178 tuo:

374 2217 443 2278 llaee
458 2236 538 2287 erne,
554 2236 621 2278 nam
638 2225 777 2297 prosunt,
793 2218 875 2297 lege,
892 2219 988 2289 disce,
1004 2217 1197 2298 amplectere,
1214 2217 1265 2279 tali

458 2319 501 2379 Ne
524 2326 572 2379 tua
596 2321 710 2382 deficiat
732 2318 909 2381 bibliotheca
931 2320 1018 2381 libro.

169 2506 231 2557 Hoc
250 2521 361 2556 carmen
380 2521 440 2555 cum
459 2507 488 2555 in
505 2507 743 2571 Epigrammatum
761 2507 894 2558 lobannis
911 2507 1133 2573 hosticampiani
1150 2506 1223 2558 libro
1242 2512 1325 2568 extet,
1345 2508 1391 2574 qui
1402 2508 1469 2575 Lip-

169 2591 228 2652 siae,
248 2591 295 2641 ubi
314 2607 375 2641 cum
386 2590 613 2656 hosticampiano
626 2593 766 2641 Hnttenus
785 2593 913 2643 semestri
930 2592 1045 2642 hiberno
1065 2590 1219 2642 anni1507.
1237 2591 1396 2643 intitulatus
1415 2593 1469 2644 tuit

170 2675 236 2737 (vol.
250 2676 271 2725 1.
285 2691 311 2740 p.
325 2673 349 2725 8.
363 2691 435 2724 num.
450 2675 526 2737 lli),
552 2676 647 2725 codem
667 2692 740 2726 anno
758 2677 860 2741 prodiit
879 2677 926 2738 (of.
938 2675 1070 2726 Addenda
1089 2676 1125 2725 ad
1142 2675 1230 2729 Indic.
1244 2675 1374 2742 bibliogr.
1387 2675 1466 2727 Hutt.

170 2775 254 2825 supra
272 2776 298 2825 p.
312 2759 370 2810 542.
384 2759 495 2825 posita),
516 2764 578 2824 post
595 2759 663 2809 illud
682 2761 711 2808 in
729 2759 838 2809 laudem
857 2761 990 2810 Marchiae
1009 2760 1188 2811 Franoofurti
1206 2759 1241 2810 ad
1254 2759 1385 2810 Viadrum
1405 2777 1469 2811 con·

169 2845 289 2910 positum
306 2847 438 2910 scriptum
458 2860 519 2895 esse
539 2845 669 2910 adparet,
693 2849 723 2892 nt
747 2845 860 2894 tortium
885 2859 918 2893 ex
942 2843 1067 2894 omnibus
1086 2845 1266 2894 Huttenianis
1289 2860 1350 2909 quse
1373 2860 1467 2910 super·

171 2943 232 2979 esse
256 2930 356 2992 sciam,
382 2928 487 2994 locum,
513 2929 631 2979 medium
650 2930 723 2979 inter
740 2930 792 2978 hoc
810 2928 943 2978 Marchiae
963 2929 1114 2978 encomium
1135 2932 1218 2992 atque
1237 2927 1271 2979 de
1288 2929 1392 2979 virtuts
1411 2927 1467 2979 els-

171 3015 281 3080 giacam
300 3014 518 3065 exhortationem
538 3015 673 3079 optineat.
698 3019 821 3064 attamen
839 3013 929 3079 magis
948 3029 1028 3078 quam
1047 3013 1076 3062 in
1093 3012 1232 3078 prioribus
1251 3010 1351 3078 elegiis
1368 3014 1468 3078 pennis

170 3098 290 3149 nondum
309 3098 469 3151 velantibus
489 3099 550 3148 alas
569 3114 701 3163 quassare
721 3095 762 3161 (ut
780 3098 866 3164 ipsius
885 3098 1003 3147 Hutteni
1021 3097 1114 3148 verbis
1132 3097 1206 3162 utar)
1224 3095 1316 3164 pullus
1335 3098 1467 3148 carminis

675 3181 734 3232 ales
754 3183 821 3232 mihi
839 3181 956 3232 videtur.

236 3337 378 3402 tinnipant
396 3340 420 3388 1.
440 3337 484 3387 ct.
497 3354 524 3403 p.
538 3337 562 3387 5.
634 3335 752 3401 ’Μαι
770 3340 793 3386 1.
872 3337 1003 3389 Gomorstia
1026 3354 1050 3404 q.
1069 3353 1091 3387 o.
1110 3339 1185 3403 alpos
1207 3337 1255 3387 duo
1279 3343 1374 3388 tacitam
1396 3338 1423 3388 in
1441 3339 1465 3389 1.

168 3428 227 3472 sant
242 3429 302 3486 post
319 3426 402 3489 pacto
422 3423 458 3486 (v.
474 3421 526 3486 ll.)
539 3429 565 3471 et
584 3420 762 3485 tali(v.13.),
783 3422 832 3472 duo
847 3429 944 3487 puncta
958 3429 1020 3487 post
1038 3422 1116 3472 canit
1129 3421 1166 3485 (v.
1178 3421 1224 3484 5.),
1243 3421 1324 3474 huius
1342 3431 1368 3474 et
1387 3427 1467 3474 casta

169 3504 207 3569 (v.
223 3505 287 3570 10.)‚
308 3508 400 3557 animo
419 3514 444 3556 et
462 3513 543 3572 grata
563 3507 599 3569 (v.
614 3506 681 3569 12),
702 3522 760 3556 eme
779 3514 804 3556 et
823 3512 938 3573 possunt
956 3506 1074 3570 (v.13.);
1090 3512 1188 3571 puncto
1202 3513 1263 3571 post
1288 3504 1360 3572 lege.
1379 3506 1465 3557 disce.

171 3591 339 3657 amplectere
352 3599 378 3641 ct
390 3592 471 3642 libro.
524 3590 535 3623 ²
552 3593 674 3642 Lusatus
694 3592 747 3642 suit
760 3592 894 3659 Rhagius,
915 3593 1007 3643 avico
1019 3591 1190 3656 Sommert'eld
1201 3591 1466 3658 ‘hosticampianus’

170 3675 269 3727 dictus.
324 3675 426 3730 'nam
445 3680 467 3727 1.
522 3676 680 3741 ⁸mrbtsene
698 3681 723 3728 1.
777 3675 797 3709 ¹¹
815 3692 863 3744 que
881 3681 906 3729 1.
960 3676 981 3710 ¹⁸
999 3678 1047 3743 &er
1065 3678 1089 3727 t.
1144 3674 1165 3710 ¹⁴
1182 3674 1332 3741 bibliotheca
1351 3680 1375 3728 1.

238 3948 407 3998 Promittitar
430 3950 456 3997 in
480 3949 682 4013 Aeolicumpinni
703 3952 907 4015 epiprommatmn
935 3949 999 4000 libro
1028 3964 1130 3999 carmen
1154 3948 1269 3999 Conroda'
1296 3948 1465 4006 Weidmanm',

170 4048 240 4098 quem
257 4035 336 4083 ndror
359 4036 385 4083 in
404 4033 568 4094 Querelarum
590 4036 672 4098 elcpio
692 4041 823 4099 postrema
845 4051 895 4085 non
918 4036 1063 4091 memorari,
1088 4049 1141 4083 oum
1159 4034 1185 4082 in
1203 4032 1273 4098 Epp.
1288 4031 1317 4083 0.
1335 4032 1369 4082 V.
1383 4032 1426 4082 II.
1440 4035 1465 4094 9,

169 4133 191 4166 υ.
206 4120 262 4167 166.
276 4121 345 4167 inter
363 4118 520 4182 Sodlauraffi
536 4127 676 4169 vexatores
693 4122 772 4168 locum
789 4121 813 4169 ci
830 4136 881 4170 non
898 4120 1063 4184 deneponem't
1081 4118 1218 4167 Hactenus.

436 4241 603 4299 lthlSTEll
625 4241 794 4299 CONRnuvs
816 4242 974 4299 tvttuhslt
995 4239 1194 4324 [institutus

502 4341 541 4390 IN
558 4339 827 4391 EPIGRAMMATA
844 4337 1126 4390 AESTICAMPIANI.

372 4462 481 4519 Desinat
502 4464 604 4520 Aonias
625 4463 735 4520 basium
758 4464 859 4520 iactare
881 4462 996 4520 Sorores

436 4548 469 4603 Et
490 4549 600 4621 penitus
622 4549 711 4606 llusas
734 4548 855 4605 claudier
877 4548 944 4605 orbe
967 4565 1043 4611 suas,

371 4633 473 4706 inclyta
495 4632 626 4688 busacius
650 4633 698 4689 tibi
722 4651 803 4708 quas.
827 4633 982 4697 Germania,
1006 4633 1087 4688 Vates

334 4736 347 4775 a
432 4717 557 4781 advent,
581 4718 676 4793 patriae
698 4720 787 4793 gloria
808 4736 920 4793 magna.
943 4735 1015 4780 suae.

1168 4813 1235 4876 36·
