3270 5354
268 374 448 427 ADDENDA
459 373 509 426 AD
522 373 605 426 VOL.
619 375 656 426 11.
676 374 858 427 cccxxxx11*.
872 388 1139 429 necennensium
1152 391 1356 431 tenesmon.
1387 365 1458 436 551

333 563 359 606 ts
373 547 466 606 Gnosso
483 548 632 622 frequens,
654 550 696 604 sic
715 553 802 603 encta
825 550 909 616 nitet,
930 551 971 604 sic
990 550 1081 622 yterio
1101 552 1192 608 maior

370 632 495 703 Invidia,
514 647 625 704 sernper
645 635 770 689 comitem
787 649 870 707 qseom
889 635 980 706 yloria
1003 635 1086 690 dncct

372 716 490 783 Nobile,
510 722 538 773 et
556 717 665 789 semem
687 718 841 773 Franesseo
863 719 944 774 clerc
961 733 1114 790 perennem

369 803 549 875 Bnttenoqne
569 802 663 870 dabit,
685 804 759 874 qnod
779 806 807 858 et
828 802 925 858 ordine
944 809 1030 860 notus
1050 808 1175 877 equestri

369 885 410 942 et
429 887 503 959 qnod
522 892 639 960 nterqne
660 889 704 943 rei
722 888 806 943 decus
827 892 870 943 est
889 888 1013 944 mbnbile
1033 891 1188 962 muneres:

332 987 359 1029 to
378 971 469 1044 Usque
488 972 558 1028 odeo
579 973 660 1029 titolo
682 973 818 1028 m'rtntnm
838 975 949 1028 nomine
970 973 1029 1030 solo

369 1057 521 1122 Atridenn
543 1073 615 1112 oona
636 1062 679 1113 est
701 1058 827 1128 iposnrnm
849 1059 949 1113 mentio
971 1071 1083 1118 rernm:

369 1140 486 1198 Declius
503 1158 584 1195 arnse
606 1143 693 1208 alter,
717 1140 848 1197 Plaebum
865 1143 1016 1198 stndsbsins
1034 1143 1109 1198 alter

370 1225 499 1292 Eecolil,
520 1225 600 1282 ambo
622 1231 784 1297 utrumqne,
804 1228 877 1282 velut
898 1228 939 1282 nil
956 1228 1046 1298 possit
1063 1228 1162 1299 Apollo

370 1308 467 1366 Marte
487 1311 547 1365 sine
567 1315 596 1366 et
617 1312 699 1367 docto
719 1311 832 1368 enitens
852 1314 913 1367 sine
932 1312 1057 1383 Apolline
1078 1311 1206 1369 Pboebns.

331 1409 357 1449 ts
372 1394 494 1451 Stemma
510 1402 629 1467 petrum
647 1401 725 1454 setus
745 1402 786 1452 est
803 1397 939 1469 lonycqne
953 1395 989 1451 ab
1008 1397 1112 1470 om'qine
1129 1399 1258 1467 deletum

370 1481 503 1536 Attamen
524 1482 625 1554 exterso
647 1486 734 1538 terroe
755 1482 893 1553 connobile
909 1487 1035 1554 pnrscto:

370 1564 465 1622 Glorin
482 1569 573 1636 porto
593 1565 647 1622 sibi
663 1568 766 1639 spuens
786 1567 942 1623 melioribus
962 1566 1056 1623 orbem

370 1648 520 1721 Complebit
539 1650 648 1723 lenonem
669 1656 778 1706 etcum
801 1656 925 1724 tempore
941 1652 1020 1724 finiet
1040 1666 1136 1708 rernm,

369 1734 460 1805 Atque
482 1736 589 1789 utinum
611 1735 679 1790 mibi
694 1739 852 1807 praesentes
872 1740 940 1791 ante
960 1738 1053 1792 omnic
1075 1733 1166 1792 btnsoe

331 1831 358 1873 so
371 1817 442 1874 Esse
461 1819 544 1874 velim
565 1824 594 1874 et
613 1834 644 1874 se
664 1821 776 1891 diynnm
796 1819 865 1875 mibi
881 1834 1008 1892 parcere
1027 1834 1156 1882 carmen:

369 1901 409 1958 ln
425 1902 493 1958 milli
511 1903 634 1959 dicendis
650 1905 749 1977 quodsi
767 1909 873 1961 nntnra
894 1909 1023 1974 recusat,

369 1988 406 2043 At
429 1987 497 2042 milti
511 1987 657 2060 sufficient
679 1992 808 2062 concepti
827 2004 865 2045 en
883 1989 963 2045 noste
981 1989 1098 2062 snrores

373 2069 540 2145 anplloqno
561 2078 588 2128 et
607 2071 692 2144 [nnis
714 2079 844 2146 conyesln
865 2076 970 2130 iniuria
991 2074 1091 2131 verbis.

370 2155 415 2212 En
435 2156 510 2229 furit
530 2158 611 2231 inque
633 2173 730 2214 curem
751 2158 897 2215 Detractis
918 2160 1000 2213 tinnit
1015 2164 1165 2234 utramque

331 2255 357 2298 ss
371 2239 478 2314 Impm,
500 2256 552 2298 nee
569 2245 686 2314 petitur
708 2257 785 2300 noces
805 2258 882 2299 nens
898 2259 971 2299 sona
992 2242 1107 2299 rebelles

369 2325 510 2399 Fonnqne
527 2328 658 2384 indicium
678 2330 763 2385 oineil
788 2330 933 2384 mendacia
953 2333 1077 2394 certum,

370 2410 409 2466 let
429 2413 605 2468 eonoimrnm
618 2427 751 2471 nnmerns
766 2415 898 2470 miscetur
920 2415 1065 2486 utrinqne,

369 2495 480 2552 Clamor
501 2495 599 2570 nblqne
619 2513 704 2571 mom
722 2500 771 2556 rm
792 2504 820 2554 et
841 2513 902 2554 sese
922 2498 1042 2554 abstinet
1064 2500 1161 2555 armis.

371 2579 437 2646 Oscis
458 2581 527 2637 dens
546 2582 599 2638 boc
614 2585 724 2655 poterit
740 2585 914 2656 praesenter
934 2598 995 2640 esse
1013 2582 1136 2655 serore?

331 2678 357 2719 so
371 2664 476 2722 Discite
493 2667 522 2721 in
539 2667 667 2723 absentes
687 2685 772 2741 quom
790 2669 828 2723 sit
850 2668 956 2724 dimisse
977 2668 1100 2723 modeste

375 2748 447 2806 Utile
468 2756 497 2805 et
517 2751 661 2808 absentum
679 2756 838 2824 presentes
858 2766 969 2824 semper
989 2753 1102 2806 amicos.

370 2833 432 2890 Non
454 2835 513 2891 ideo
534 2837 643 2910 inonlyo
667 2838 811 2892 mordacia
831 2838 943 2891 nomina
965 2836 1102 2900 mordax,

371 2917 428 2974 Sed
450 2924 559 2977 tentum
579 2923 672 2978 ireoitss
692 2920 826 2992 conferre
845 2921 975 2992 exempla
995 2921 1116 2975 m'rornm

370 3004 462 3076 Atque
477 3008 548 3077 pari
563 3006 681 3061 imbutos
703 3004 852 3061 multorum
874 3004 973 3060 robore
994 3007 1099 3058 mentes

330 3098 357 3141 ts
370 3087 442 3145 Esse
456 3089 550 3146 eelim:
566 3095 659 3146 notum
674 3090 734 3158 boc,
751 3095 841 3148 ootnm
856 3088 917 3155 boe,
932 3087 999 3143 mibi
1011 3087 1127 3154 credite,
1142 3089 1228 3149 selum
1243 3094 1295 3146 est.

438 3171 516 3229 Tolia
538 3177 671 3231 nitentem
691 3176 849 3231 meditando
871 3179 899 3231 et
923 3179 1049 3246 tempore
1068 3170 1148 3244 sorte

368 3255 523 3316 Ducentem
545 3266 573 3316 el
589 3262 696 3331 primos
718 3261 861 3316 rodentem
883 3260 1023 3315 mordiens
1040 3271 1145 3330 nnynes

368 3341 458 3401 Forte
477 3351 519 3415 et,
541 3346 644 3402 militine
665 3350 696 3402 nl
713 3347 851 3418 perissent
871 3345 1008 3401 hactenns
1027 3348 1107 3400 nrtes

369 3425 439 3484 Cnm
457 3431 583 3503 reteque,
601 3447 664 3504 quoe
678 3429 786 3502 sanem
802 3429 905 3486 bomini
920 3435 1110 3501 (eternumque
1132 3427 1261 3484 tulissent

332 3525 359 3568 so
372 3511 412 3569 Et
432 3515 518 3572 decns
538 3521 566 3570 et
582 3517 723 3588 pretinm,
745 3516 860 3583 studiis,
877 3514 929 3571 snb
950 3519 1032 3570 noete
1051 3527 1152 3570 serene

372 3596 524 3656 Sollicitum
543 3601 668 3656 exanimi
687 3615 800 3657 somnne
821 3614 934 3657 cessere
954 3601 1046 3672 qniete

369 3681 410 3738 et
435 3685 572 3740 mandere
592 3685 666 3741 inbel
689 3691 813 3742 oentnroe
836 3686 972 3742 instanlia
993 3685 1063 3739 lnci:

375 3767 453 3824 Tune
472 3762 537 3826 ensi
549 3785 642 3842 puros
659 3772 769 3826 memini
788 3784 831 3826 me
851 3783 973 3842 corpere
995 3768 1072 3826 etms

373 3853 494 3920 ‘Stulte,
516 3856 583 3927 qnid
602 3854 655 3910 boc
677 3859 790 3911 tentos?
810 3856 864 3910 elio
885 3854 931 3910 llic
947 3868 1017 3928 opns
1034 3864 1094 3909 esse
1114 3849 1234 3908 Marone

332 3951 358 3990 ss
373 3937 451 3995 ‘Non
471 3942 660 4012 sentietque
683 3946 710 3996 te
732 3945 789 3994 tom
801 3956 925 4012 pronum
946 3940 1066 3995 andacia
1084 3937 1198 3992 reddit?

371 4022 484 4096 ‘Usque
503 4025 573 4080 adeo
593 4023 709 4096 fnestra
726 4024 822 4097 felicio
842 4024 937 4080 secula
957 4028 1035 4080 notes

373 4105 441 4163 ‘Tot
461 4109 604 4179 dederint,
624 4114 656 4164 nl
679 4115 707 4165 te
722 4113 834 4181 prseter
856 4125 913 4165 non
935 4109 1040 4164 nudent
1060 4104 1134 4160 ulnis

375 4190 462 4247 ‘Tem
483 4194 596 4267 diensem
614 4195 721 4268 incenis
741 4193 875 4266 focinus?
896 4194 1021 4249 donatur
1042 4191 1134 4246 emori

372 4276 421 4333 ‘Si
436 4280 595 4352 quicquam.
618 4281 749 4336 cecinisse
770 4293 836 4336 ense
854 4279 985 4335 detentus
1006 4289 1119 4333 amore.-

236 4471 260 4508 Ι*
276 4474 433 4541 phoebaei!
451 4480 490 4528 stc
507 4482 540 4528 ll.
580 4479 751 4542 Versitleetor
761 4484 833 4530 certe
851 4476 960 4528 debebat
970 4476 1085 4527 seribere
1097 4473 1216 4524 Mavors.
1231 4469 1468 4523 Geticus=Thrn

110 4605 112 4607 ,
169 4559 243 4610 cites:
263 4559 348 4611 ‘Mers
359 4559 486 4614 Threcen
499 4566 626 4629 occupst'
640 4562 727 4624 (Hom.
742 4561 793 4612 Od.
807 4563 883 4614 VIII.
896 4560 955 4613 ebt.
970 4560 1040 4613 one
1052 4564 1104 4611 ert.
1118 4574 1171 4610 em.
1184 4557 1221 4609 II.
1233 4554 1314 4621 bes).
1332 4556 1370 4606 Et
1381 4555 1468 4606 'I'bss-

170 4644 217 4696 eIs
235 4644 298 4710 ipss
315 4645 456 4698 Mersella
474 4653 530 4708 est,
550 4665 567 4698 α
585 4647 709 4709 Thrace,
728 4646 827 4698 Martis
845 4646 915 4708 filio,
936 4646 1022 4699 diets.
1074 4642 1097 4677 ⁸⁴
1114 4643 1193 4694 finnit
1210 4645 1244 4692 lt.
1296 4637 1319 4674 ⁴⁸
1341 4639 1417 4693 tems
1434 4643 1466 4694 Ι.

168 4728 191 4761 ⁸⁶
208 4727 282 4797 Non]
300 4731 371 4783 Nem
389 4737 422 4782 ll.
474 4732 497 4766 ⁸⁸
516 4733 646 4799 credoque
665 4736 698 4780 lt.
