3270 5354
151 380 260 416 ιτιιιιιι
273 378 378 415 errent
392 377 553 414 rarvurnve
567 377 705 415 oocronrs
720 380 861 416 serenum
875 376 1121 415 a.1oa.cnrmonrs
1135 379 1289 414 ausonios.
1309 351 1382 421 427

291 533 439 595 Ornatura
461 531 537 594 latus
559 533 700 595 demittite
722 535 841 613 parietis
865 533 965 613 ampli.

238 656 278 698 ooo
293 635 350 698 Vos
372 653 505 715 quoque,
528 635 658 707 finitimi,
682 638 811 714 speeiem
835 635 911 697 banc
934 643 1054 714 augete,
1078 636 1180 704 Sueri,

291 737 522 816 Vestrarumque
545 735 663 817 aliquod
687 737 753 798 date
775 740 891 816 siguum
914 738 1094 807 divitiarum,

291 839 327 901 Et
350 838 457 901 lectum
479 836 628 901 celebrate
651 840 744 901 diem:
768 838 943 900 celebratior
966 839 1019 899 ibit

290 941 344 1003 Vix
367 939 457 1011 alius,
480 942 530 1020 qui
552 957 620 1001 vera
643 944 736 1019 magis
758 942 807 1002 dot
829 941 933 1019 gaudia
956 940 1052 1001 vobis:

291 1043 351 1105 Vos
372 1050 476 1104 ornate
497 1042 604 1104 urbem
627 1045 809 1122 proprioque
832 1043 979 1105 extendite
1002 1042 1081 1103 cultu

240 1167 279 1209 ooo
294 1144 416 1215 Mennim
440 1163 492 1206 vos
514 1152 615 1223 portas
638 1152 782 1224 rectoque
805 1143 923 1205 aliunde
945 1152 1050 1223 paratu

291 1247 456 1325 Conspicuo
479 1264 582 1308 mrrros
602 1249 770 1327 turreisque
792 1247 912 1327 implete
934 1247 1111 1326 domusque!

292 1348 395 1411 Vester
416 1349 527 1419 bonor,
551 1356 680 1410 vestrum
703 1349 795 1410 decus
819 1358 863 1411 est
886 1349 1026 1429 vobisque
1049 1352 1217 1429 propinquo

290 1450 485 1531 ACapnione
507 1450 597 1521 redit,
621 1469 709 1531 quam
733 1451 834 1522 nobis,
858 1451 949 1530 gloria
973 1453 1081 1512 maior:

292 1552 404 1614 Prodiit
426 1572 441 1614 a
465 1552 561 1615 vobis:
585 1571 689 1615 omnes
711 1554 832 1619 audete.
858 1554 960 1622 Snevi,
1244 1550 1292 1633 ln
1305 1576 1382 1609 sum..

238 1674 277 1716 aro
291 1655 427 1716 Vestrum
450 1663 656 1718 ornamentum
680 1656 784 1735 plausu
807 1658 917 1717 iactare
939 1654 1085 1734 superbo;

291 1757 377 1819 llunc
398 1757 538 1837 praelerte
561 1758 623 1819 aliis
646 1756 806 1837 solitosque
829 1755 973 1818 excellere
997 1756 1076 1818 solos

290 1857 417 1937 lugeniis
440 1859 528 1921 ltalos
550 1860 626 1920 sarna
649 1861 723 1920 lerte
747 1877 810 1920 esse
834 1860 977 1927 minores,

290 1961 331 2022 De
353 1961 517 2040 primisque
539 1961 625 2022 alicui
649 1968 778 2022 restrum
802 1963 969 2039 conoponite
992 1963 1101 2022 civem:

289 2062 349 2124 Nos
371 2064 458 2123 etiam
482 2063 638 2131 audemus,
663 2064 880 2141 Germaniaque
903 2062 1004 2123 obiicit
1026 2063 1121 2122 omnis

238 2183 276 2226 ora
291 2163 323 2224 ld
346 2164 429 2224 Latio
451 2165 585 2232 decoris,
611 2164 830 2244 fulgentemque
854 2163 992 2225 omnibus
1014 2165 1096 2225 horis

289 2265 437 2348 Tempore
458 2273 604 2346 perpetuo
627 2285 681 2346 pro
704 2288 735 2328 se
759 2275 787 2327 ot.
810 2286 865 2346 pro
888 2266 973 2327 laude
996 2285 1117 2327 suorum

292 2367 423 2429 Gstendit
446 2366 542 2429 lucem
566 2377 595 2428 et
618 2369 769 2430 morraclris
792 2371 860 2430 sinit
883 2368 929 2429 ilia
953 2370 1066 2447 rumpi:

288 2469 414 2531 Interior
436 2476 533 2531 tamen
557 2471 614 2530 boc
637 2470 748 2549 reliqua
773 2480 817 2533 est.
840 2471 995 2532 Germania
1019 2469 1115 2539 vobis,

293 2571 316 2632 ll
340 2572 443 2633 Suevis
464 2574 518 2634 toti
541 2572 634 2633 decus
657 2573 713 2633 boc
735 2574 814 2653 quod
837 2574 945 2653 prodiit
969 2574 1051 2642 unis,

238 2693 277 2736 aso
332 2673 415 2734 Dicat
437 2673 483 2742 lo,
506 2677 530 2735 si
552 2692 585 2735 se
607 2676 687 2736 norit
708 2678 881 2745 Germania,
905 2676 996 2741 dicat,

293 2776 498 2855 viatoremque
520 2796 606 2838 snum
630 2777 710 2838 nullo
735 2778 891 2839 l'raudetnr
913 2777 1036 2837 honore.

289 2877 349 2938 lam
373 2878 484 2939 celebri
506 2896 614 2956 pompa
636 2879 738 2957 spoliis
761 2897 909 2957 curruque
933 2880 1132 2957 propinquum
1178 2874 1382 2964 lssgffiffigfflp·

289 2980 387 3040 Prima
412 2981 521 3041 uehunt
544 2983 665 3042 iuvenes
686 2980 861 3059 tabulasque
885 2987 910 3041 et
934 2979 1230 3058 signaculossosqne

290 3082 437 3162 Armaque
460 3083 642 3144 devictorum
665 3082 792 3143 imbellia
816 3089 991 3161 sumptaque
1013 3081 1113 3141 t'nrtim

238 3203 277 3243 aas
291 3184 488 3245 Instrumenta
512 3185 596 3252 viris,
621 3184 710 3245 telum
734 3184 879 3247 imbecille
903 3183 1052 3263 librosque

288 3284 325 3346 Et
346 3284 438 3365 spolia
461 3293 490 3346 et
512 3286 605 3346 lracto
629 3288 744 3364 ligenda
768 3307 803 3348 ex
826 3287 911 3347 hoste
933 3285 1064 3363 trophaea
1129 3331 1132 3338 .

290 3385 368 3448 blille
390 3397 563 3465 argumenta
586 3388 648 3458 bic,
674 3396 703 3449 et
725 3388 803 3449 mille
825 3390 962 3449 seruntur
984 3386 1114 3456 elencbi,
1257 3387 1381 3471 ssgtjgssgp·

291 3489 327 3550 Et
349 3488 448 3551 multis
471 3508 600 3551 nocuum
623 3508 773 3560 murmur,
797 3490 961 3569 linguaeque
984 3489 1162 3568 prophanae,

291 3591 508 3671 Sacrilegaeqne
529 3610 647 3663 manus,
672 3595 860 3671 promptique
882 3593 1020 3653 invadere
1045 3593 1151 3657 notris,

238 3694 450 3773 subiectique
473 3693 565 3755 labris
587 3695 707 3764 dentes,
731 3698 852 3773 nasique
875 3697 1008 3762 recurri,

290 3797 473 3876 Luminaque
496 3796 649 3875 obliquum
672 3797 801 3873 dellera,
824 3795 1047 3876 superciliisque

289 3897 452 3959 contracte
474 3900 601 3968 fronton,
626 3899 762 3978 oculique
785 3899 934 3959 borrenda
957 3906 1087 3964 tuentes.

290 3999 486 4080 Liridnlmque
508 4018 606 4076 gene,
631 4008 659 4062 et
682 4000 797 4061 rabiosa
820 4001 934 4062 silentia
957 4003 1067 4079 pressis

152 4218 187 4254 ¹⁸⁰
204 4220 326 4287 finitimi]
347 4221 619 4273 Piorzhemiensibus
637 4221 821 4272 Badennibua.
841 4220 1008 4273 Reuchlinua
1027 4220 1189 4285 Stutgartiae
1209 4221 1315 4271 domurn
1335 4222 1382 4273 hn-

151 4310 178 4356 ιι.
245 4304 358 4372 augete]
377 4321 480 4373 augere
500 4310 524 4356 d.
594 4306 628 4338 ³⁶²·
646 4307 784 4372 Correpioo
803 4313 827 4356 5.
898 4303 932 4356 ³7³
950 4305 975 4354 h.
991 4322 1013 4354 e.
1029 4310 1057 4355 et
1076 4306 1243 4355 carminibus
1261 4313 1382 4356 vestrum

151 4406 184 4451 ru,
199 4391 391 4455 Reuchlinum,
406 4391 626 4443 celebratissimo
641 4395 803 4456 cuicumque
817 4391 955 4454 indigenae
969 4389 1060 4439 Sirovo
1074 4398 1234 4454 conparate.
1270 4387 1303 4421 ⁸²⁴
1315 4389 1380 4455 Nos]

151 4477 251 4527 cetaria
265 4476 300 4525 ab
319 4477 444 4528 liutteno
462 4478 627 4527 Franeoniae
641 4493 698 4528 auae.
711 4478 822 4526 brevem
842 4475 1036 4525 laudationem.
1073 4472 1107 4505 ³⁷⁵
1119 4473 1203 4539 horis]
1222 4477 1303 4525 mulam
1316 4477 1380 4525 oris.

151 4557 196 4626 oli]
216 4560 382 4612 Germaniae.
452 4560 485 4595 ³⁸¹
505 4560 656 4627 fraudetur]
682 4564 759 4613 lleote
777 4562 842 4610 dano
859 4562 984 4610 licentiam
1001 4562 1128 4624 vituperat
1149 4561 1271 4609 (lintistino
1290 4564 1382 4625 „pulo

151 4644 231 4696 ndum
251 4645 430 4697 ‘defraudata
450 4645 520 4697 illud
538 4647 630 4698 nescit
647 4648 785 4698 laetium't
839 4644 873 4677 ³⁹⁰
890 4644 977 4695 lebria
1043 4645 1215 4713 Luminaque
1234 4647 1316 4695 orrinin
1334 4662 1382 4699 ex·

151 4737 200 4781 unt
219 4736 244 4780 5.
297 4730 328 4763 ³⁹¹
349 4731 546 4798 superciliiqne
565 4737 591 4782 5.
