3270 5354
162 341 236 414 446
258 371 432 408 Runvnutaml
444 370 548 406 BYHNI
561 367 721 405 unlvurflvs
734 366 872 403 DOGTORIS
885 366 1028 402 nnvcflnm
1041 366 1433 405 8.10n.cnr1ttort1821tconott.

365 526 478 604 Verpus
501 523 538 584 ab
562 523 618 584 boe
641 520 851 601 Monacbisque
873 521 953 583 dedit
975 521 1054 601 quod
1076 521 1196 584 turbine
1219 530 1299 583 moto

364 626 501 689 lmbelies
524 643 631 686 acuere
654 627 727 693 iras;
750 625 820 685 binc
841 622 889 685 ilia
912 631 1036 704 repente

365 729 397 789 {n
421 728 570 806 Capniona
593 729 647 788 viri
669 726 794 787 conflata
818 733 863 787 est
884 725 987 796 tactio,
1010 724 1085 786 livor

365 831 439 891 Hinc
462 847 552 908 vagus
574 830 708 899 emersit,
731 837 839 906 praeter
862 829 912 907 qui
934 827 1196 889 Teutonas-urbes

301 950 350 991 roeo
364 932 400 991 Et
422 931 539 993 doctam
562 930 673 992 ltaliam
696 938 724 991 et
746 930 846 991 fuscos
867 929 1004 1009 impleret
1025 930 1144 998 Iberos,

363 1034 521 1095 Pannonas
544 1040 573 1094 et
595 1031 721 1112 populos
743 1050 819 1110 quos
840 1032 988 1094 Rtraeticus
1010 1032 1094 1094 alluit
1115 1032 1205 1100 Ister,

366 1137 502 1215 Quotque
524 1141 605 1196 secat
626 1134 800 1204 Rhodanus,
824 1142 897 1211 quot
917 1134 1040 1195 inundat
1061 1134 1197 1213 Sequana
1220 1142 1336 1211 gentes,

366 1238 497 1316 Quaeque
520 1236 694 1298 Caledonios
714 1237 879 1315 penetravit
899 1236 986 1298 turba
1008 1237 1180 1305 britannos;

367 1340 421 1401 Hic
443 1338 518 1400 iiber
541 1346 586 1400 est
606 1347 694 1418 atque
716 1338 774 1399 boc
796 1340 928 1416 congesti
950 1339 1064 1417 insigne
1086 1336 1192 1408 duelli,

303 1462 352 1503 mes
368 1441 475 1502 Notum
498 1440 584 1502 laude
607 1459 676 1511 sua,
700 1441 778 1520 quod
801 1459 868 1501 cum
891 1439 1064 1518 phanaticos
1085 1441 1145 1519 igni

367 1544 473 1605 Ferret
494 1542 715 1619 ilogostrattus,
740 1542 871 1622 Capnion
895 1543 1014 1604 victrice
1036 1542 1166 1603 Minerva

367 1647 497 1725 Eripuit,
521 1651 676 1723 tutumque
699 1651 780 1707 tenet
801 1663 980 1724 semperque
1002 1644 1130 1713 tenebit,

367 1749 479 1826 Ingenii
502 1755 691 1808 monumenta
714 1748 773 1817 sui,
797 1749 977 1810 monimenta
999 1746 1112 1827 pericli.

368 1851 450 1911 Laeva
473 1851 549 1927 gerit
569 1857 694 1911 teretem
717 1851 828 1910 victrici
851 1870 886 1910 ex
909 1849 1017 1911 arbore
1040 1868 1171 1916 ramum.

303 1969 351 2011 ioco
367 1952 515 2014 Caesareas
537 1950 649 2029 aquilas
671 1951 792 2020 thorax,
816 1952 942 2013 victricia
964 1953 1062 2030 signa,

367 2054 466 2116 Pictos
488 2053 593 2121 habet;
617 2053 724 2114 virides
745 2055 857 2114 circum
882 2060 926 2114 est
948 2053 1038 2115 eiiusa
1062 2054 1220 2133 quadrigas
1277 2048 1431 2135 fgssfflg

366 2156 434 2217 iure
456 2157 549 2234 perita
572 2155 679 2216 cobors
702 2162 859 2234 vatumque
881 2156 1029 2217 exercitus
1051 2157 1159 2225 omnis,

366 2258 548 2336 ingenioque
570 2275 674 2318 omnes
696 2255 769 2318 clari
790 2258 947 2336 studioque
969 2259 1124 2338 frequente

368 2360 507 2430 Laudati,
530 2376 663 2439 quosque
686 2360 781 2420 effecit
802 2359 934 2420 doctrina
958 2359 1117 2430 celebreis,

303 2461 455 2533 rou-Quive
478 2459 576 2541 aliquo
599 2479 736 2522 meruere
759 2460 815 2522 coti
836 2469 933 2541 pacto.
957 2462 1095 2523 omnibus
1117 2463 1181 2524 istis

369 2564 451 2624 biens
474 2570 536 2624 erat
558 2564 587 2622 in
609 2561 757 2623 flammam
780 2582 979 2644 supremaque
1002 2564 1107 2626 iunera
1129 2566 1204 2625 victo

368 2665 440 2726 Cum
464 2665 613 2744 Capnione
636 2665 713 2725 trabi
735 2671 764 2725 et
785 2665 883 2727 medio
906 2667 934 2726 in
958 2667 1118 2728 certamine
1140 2668 1224 2744 siqua
1262 2651 1264 2655 ¹

368 2767 458 2829 Forte
481 2766 657 2835 laborasset,
681 2768 810 2846 prompti
834 2786 1029 2839 concurrere,
1053 2769 1190 2849 prompti·

366 2868 481 2930 Auxilio
504 2868 665 2930 succedere
687 2876 771 2929 erant
793 2872 974 2950 summisque
996 2870 1116 2951 periclis

302 2989 350 3030 toto
365 2971 487 3032 Foelices
509 2972 621 3032 animas
643 2969 820 3050 dulcemque
843 2991 993 3052 exponere
1015 2974 1118 3033 vitam:

368 3074 491 3135 Centum
515 3071 602 3133 italos
624 3072 723 3139 video,
748 3080 866 3134 centum
888 3073 945 3135 bac
968 3093 1003 3136 ex
1026 3082 1113 3152 gente
1135 3079 1251 3151 metas,

366 3176 403 3235 Et
424 3175 544 3236 totidem
566 3175 641 3234 iuris
662 3173 779 3248 doctos,
802 3176 854 3236 sed
877 3177 996 3237 nomina
1019 3175 1150 3236 nondum

367 3276 471 3337 Omnia
494 3284 562 3337 nota
586 3275 674 3337 mibi:
697 3276 781 3337 video
805 3295 821 3338 a
844 3278 993 3357 Capnione
1015 3279 1112 3339 notari

367 3380 520 3458 Quemque
542 3396 597 3439 suo
619 3377 719 3449 titulo,
743 3379 828 3439 video
852 3380 1003 3458 impertire
1025 3378 1166 3447 salutem;

303 3501 352 3542 toas
367 3479 511 3542 Omnibus
532 3481 580 3540 bis
602 3497 662 3540 non
685 3479 749 3541 vitis
772 3480 880 3550 bonos,
904 3498 1065 3560 omnesque
1087 3482 1191 3541 virenti

368 3582 486 3643 Fronde
502 3590 625 3643 coronat
634 3579 735 3661 belyx.
760 3582 802 3643 Da
817 3601 912 3653 nuuc,
929 3582 982 3654 da,
999 3582 1129 3652 Phorca,
1146 3582 1313 3662 triumpho,

368 3683 408 3745 Da
431 3702 606 3764 pompaeque
628 3682 739 3753 locum;
762 3702 842 3745 nune
865 3691 916 3754 tu,
939 3685 1134 3746 communiter
1156 3685 1254 3745 omnis

368 3785 452 3847 Nunc
474 3785 539 3847 laeta
562 3794 649 3866 atquc
672 3786 757 3848 hilari
780 3805 921 3867 percussa
944 3787 980 3848 ad
1003 3787 1109 3867 sydera
1131 3805 1204 3847 voce

367 3888 450 3950 Dicat
471 3888 517 3958 lo,
541 3890 566 3950 si
588 3908 621 3950 se
644 3891 724 3950 novit
746 3892 916 3960 Germania,
940 3889 1027 3951 dieat.

163 4079 361 4088 —--—--—-

233 4194 276 4228 ¹⁰¹⁸
288 4192 406 4262 verpus]
429 4196 607 4247 circumcisus
621 4194 677 4244 Ioo.
690 4195 900 4260 Peperieornns.
965 4193 1037 4260 quod
1049 4193 1085 4258 (q
1098 4198 1121 4243 1.
1129 4193 1166 4256 2.)
1178 4195 1239 4244 edd.
1252 4201 1354 4258 praeter
1372 4195 1415 4259 qui
1426 4198 1446 4243 5.

164 4279 208 4314 ¹⁰¹⁸
231 4280 373 4347 Capnio‘ne
397 4283 457 4332 edd.
526 4277 590 4344 viri]
613 4279 808 4331 Pioiferkorni.
877 4277 920 4313 ¹⁰²¹
944 4280 1088 4331 Rboetieus
1107 4281 1167 4330 M.
1239 4279 1448 4331 minitamini.

164 4365 207 4399 ¹⁰²³
225 4366 393 4430 Calydonios
410 4368 470 4417 edd.
490 4363 603 4417 Correxi
621 4365 745 4429 quumvis
768 4365 803 4414 ab
827 4365 887 4429 ipso
911 4370 1025 4415 anctore
1049 4380 1167 4415 errorem
1191 4380 1240 4430 pro
1263 4366 1308 4415 sui
1327 4364 1449 4431 temporis

163 4467 247 4516 pravo
265 4466 317 4501 usu
335 4452 498 4502 conmissum
517 4466 577 4501 esse
596 4454 697 4515 putem.
762 4447 805 4481 ¹⁰²⁸
824 4448 952 4515 monum]
971 4451 1138 4501 monimenta
1157 4452 1249 4500 3.4.7.
1317 4448 1362 4482 ¹⁰²⁹
1379 4453 1449 4501 Leuc

165 4538 282 4587 1.2.5.o.
337 4534 381 4569 ¹⁰³⁰
397 4537 486 4586 Pictis
504 4538 563 4586 edd.
618 4531 789 4584 ¹⁰⁴⁰Feliees
809 4536 915 4584 3...5.7.
969 4531 1011 4568 ¹⁰⁴¹
1031 4533 1095 4601 hae]
1117 4534 1297 4586 Germanica.
1354 4533 1395 4568 ¹⁰⁴³
1412 4533 1447 4584 cf.

163 4618 416 4671 Reueblinistarum
439 4621 591 4671 exereitum
618 4618 671 4670 vol.
684 4619 707 4669 1.
720 4634 746 4684 p.
762 4617 819 4670 130.
833 4635 873 4684 sq.
952 4618 996 4652 ¹⁰⁴⁴
1014 4622 1124 4687 Quenqj
1144 4624 1216 4671 imi.
1247 4622 1382 4686 Quenque
1400 4621 1448 4670 bt.

165 4703 307 4767 impartire
327 4708 417 4756 sm.
471 4702 515 4737 ¹⁰⁴⁸
534 4705 627 4756 sidero
646 4707 704 4756 3.4.
713 4711 736 4756 7.
