3270 5354
371 380 496 417 imm
508 381 545 418 AB
557 380 691 418 ultam
704 384 915 419 lelliaullv!
928 386 1149 423 lti’ifllissfld'l'vss
1162 388 1257 424 lam!-
1383 360 1456 432 ²63

372 538 475 609 ‘Quian
493 541 573 597 Petri
592 541 661 597 uidit
680 541 805 614 efficiant
826 543 865 598 od
880 545 981 613 praetia
999 548 1103 610 riores.

456 626 581 683 ‘Acuta
603 626 686 683 Pacu
703 627 824 700 forsitan
845 631 917 686 euna
937 625 1006 685 erit'.
1054 706 1056 710 Α

286 805 350 868 187.
631 811 680 861 DE
699 810 790 861 IVLII
808 811 992 862 PERFIDIA.

370 927 477 1000 luhus,
501 948 516 990 a
539 929 666 1009 Phrygio
688 932 737 1011 qui
761 929 831 1008 legit
853 948 960 991 nomen
982 931 1059 1001 Iulo,

455 1031 492 1092 Et
514 1033 562 1092 cui
584 1049 663 1092 nunc
685 1052 786 1094 rerum
809 1035 930 1111 contigit
952 1051 1016 1094 esse
1038 1043 1141 1112 caput,

371 1135 478 1196 Discite
501 1153 576 1214 quos
598 1140 678 1194 tauto
700 1134 815 1196 dederit
837 1153 904 1196 cum
928 1137 1047 1196 nomine
1070 1155 1184 1209 mores.

345 1258 358 1299 t
456 1236 521 1308 Ouo
544 1237 607 1297 iure
629 1238 777 1297 Assaracis
800 1237 1011 1298 adnumeretur
1032 1239 1107 1298 avis:

371 1336 404 1400 lu
426 1338 532 1399 dubios
555 1355 640 1400 casos
662 1337 778 1399 avidum
802 1357 868 1399 cum
892 1338 1006 1400 Caesare
1029 1339 1144 1403 Gallum

454 1437 596 1509 Abstulit,
620 1438 732 1500 ablatos
754 1440 942 1519 deseruitque
965 1442 1037 1502 cito:
1079 1439 1081 1446 '

258 1574 260 1579 ·
370 1542 435 1605 Nun
457 1560 589 1604 servasse
611 1542 698 1602 tidem
722 1543 878 1603 destructae
901 1543 1026 1604 infamiae
1048 1544 1145 1605 l'roiae
1167 1554 1227 1614 est,

345 1668 358 1707 s
457 1646 479 1705 Α
502 1643 590 1705 Troia
614 1646 641 1704 iu
665 1652 782 1704 nostros
804 1644 861 1704 hoc
884 1644 971 1704 trahit
994 1644 1042 1707 ille
1064 1645 1136 1707 dies.

369 1746 505 1826 Neptuno
527 1745 697 1825 Phoeboque
720 1745 850 1826 Phryges
871 1748 1014 1824 promissa
1036 1756 1197 1824 negarunt:

455 1846 596 1926 Exemplo
617 1851 750 1925 geminos
773 1847 844 1909 lallit
867 1856 896 1909 et
917 1847 965 1908 ille
987 1849 1087 1910 duces.

369 1949 483 2012 Perfida
507 1949 552 2010 his
575 1951 681 2011 ueteris
703 1951 872 2012 cecideruut
893 1951 1036 2028 Pergama
1059 1950 1168 2020 Troiam

334 2073 358 2114 u
456 2056 492 2115 At
514 2051 631 2133 quando
654 2060 704 2111 aut
726 2055 842 2130 quoties
864 2052 995 2132 pertidus
1016 2051 1066 2113 illc
1089 2054 1190 2115 cadet?

371 2156 434 2219 Una
456 2152 525 2224 luit,
549 2154 695 2216 decimum
718 2155 788 2216 dom
812 2153 921 2216 hellum
945 2154 1025 2215 ducit
1047 2157 1078 2215 iu
1099 2173 1226 2226 aunuum,

455 2257 711 2318 Laumedontaeam
734 2256 846 2317 Graecia
870 2255 954 2318 clade
976 2257 1080 2317 fidem:

371 2361 407 2420 tt
428 2360 503 2421 leret
524 2359 603 2420 hunc
625 2357 739 2428 Gallus,
763 2360 838 2420 leret
860 2359 939 2419 hum
961 2359 1117 2422 Germania
1139 2378 1257 2438 pugnax

334 2479 359 2522 ta
458 2460 565 2522 Callida
589 2461 728 2539 disposito
753 2468 836 2540 praeta
861 2462 950 2522 tertre
974 2460 1061 2522 dolo?

234 2627 239 2636 ’
286 2643 355 2704 1³8«
547 2649 596 2706 au
616 2647 807 2698 numerous
827 2647 1078 2698 cunemannus,

326 2796 334 2813 .
370 2769 420 2831 Sic
441 2769 530 2849 periit
552 2767 648 2847 pudor
671 2774 699 2827 et
720 2769 807 2844 periit
830 2768 1000 2845 prudentia.
1016 2769 1129 2846 reges?

455 2871 504 2932 Sic
526 2871 604 2930 iuvat
625 2870 654 2929 iu
678 2868 790 2930 cladem
815 2889 864 2929 vos
887 2872 949 2931 sine
972 2877 1069 2931 mente
1092 2871 1187 2931 trahi?

371 2973 466 3051 Atque
488 2973 568 3050 ipsos
590 2988 711 3033 suasore
734 2973 813 3032 iuvat
836 2989 886 3031 vus
909 2971 1035 3049 perdere
1057 2970 1134 3041 lulo,

345 3093 358 3140 4
456 3072 612 3134 Vcecordrs
634 3073 752 3133 monitis
774 3076 805 3133 in
829 3073 940 3134 scelera
965 3074 1051 3133 huius
1073 3075 1138 3152 agi?

371 3176 497 3237 Etcum
520 3173 652 3235 noudum
674 3177 749 3235 Asiae
771 3175 880 3236 hellum
902 3178 1109 3255 Aegyptusque
1131 3178 1282 3255 negarint,

456 3277 596 3352 lntestiua
619 3276 697 3337 domi
720 3295 879 3339 conserere
902 3295 982 3337 arma
1006 3279 1102 3337 iuvatt

370 3382 428 3444 hut
449 3382 533 3460 quasi
554 3396 648 3457 pauca
672 3379 735 3440 lero
757 3380 873 3441 veniant
895 3379 957 3439 haec
980 3380 1133 3441 commoda
1156 3381 1275 3449 Tucca,

345 3502 357 3543 c
456 3482 505 3543 Sic
526 3483 656 3560 propriae
678 3483 771 3541 visum
795 3489 838 3543 est
860 3480 950 3542 eladis
973 3476 1075 3543 amore
1097 3482 1189 3551 trahi,

167 3617 372 3631 -—-——·

238 3705 294 3757 137.
326 3702 370 3754 ¹a
388 3702 499 3754 Caesare
519 3701 599 3752 Iulio.
619 3703 656 3753 el.
670 3701 723 3752 vol.
738 3703 802 3752 1111.
816 3719 841 3768 p.
856 3701 915 3752 429.
928 3707 985 3753 not.
1002 3702 1039 3753 1¹2.
1108 3700 1351 3754 ⁴Assaricis1.3.
1382 3720 1458 3754 assa·

167 3791 234 3841 ricla
252 3791 312 3840 Η.
334 3789 503 3849 hecataeus,
527 3787 666 3850 Dardani,
687 3789 762 3838 lovis
781 3787 846 3849 lilii,
871 3804 904 3838 ex
921 3788 1102 3839 Erichthonio
1121 3805 1217 3855 nepos,
1244 3789 1339 3855 Capyn
1364 3788 1457 3845 filium,

167 3875 319 3927 Anchisam
342 3879 470 3940 nepotem
492 3872 604 3933 habuit,
635 3872 694 3922 sivo
717 3872 865 3922 secumdum
886 3873 956 3923 alios
973 3874 1054 3924 Trois
1077 3873 1150 3924 filius
1169 3874 1229 3924 luit.
1265 3876 1394 3924 Assaraci
1413 3875 1458 3925 avi

168 3976 230 4012 cun
250 3960 342 4026 ‘ganta
354 3958 493 4022 ¹Assarici'
512 3957 605 4023 (Verg.
620 3958 686 4007 den.
702 3958 747 4007 tx.
761 3956 831 4020 1110.)
850 3957 931 4006 iidem
951 3963 1021 4016 sunt,
1042 3959 1060 4006 i.
1075 3975 1098 4008 e.
1113 3959 1234 4019 Troiani,
1256 3975 1271 4008 a
1290 3959 1388 4024 quibus
1407 3960 1458 4009 Ro·

167 4045 244 4097 mani
262 4043 347 4108 (Iulia
364 4057 433 4109 gana
445 4043 474 4092 in
486 4042 594 4108 primis)
614 4043 698 4092 venit,
762 4041 834 4105 ¹,‚..
855 4058 914 4092 oum
933 4047 1041 4092 vertere
1062 4043 1096 4092 ab
1116 4044 1169 4093 imo
1188 4036 1386 4094 Strueta'meis
1404 4062 1460 4094 ma-

166 4130 250 4182 nibus
261 4129 385 4196 ¹periurm
403 4128 505 4178 moenia
516 4128 625 4178 Troiae”
643 4129 725 4191 Varg.
738 4127 805 4178 deu.
819 4127 851 4175 V.
864 4125 923 4177 810.
936 4143 976 4193 eq.
1046 4127 1056 4158 ⁹
1074 4129 1215 4194 Neptunus
1234 4136 1261 4179 ot
1279 4129 1375 4195 Apollo
1387 4132 1459 4181 Lao·

167 4215 290 4267 medomi
312 4213 439 4265 mercede
464 4213 593 4264 conducti
621 4217 798 4282 extruerent
822 4213 866 4262 Ilii
888 4214 1004 4274 mania,
1033 4213 1079 4264 hic
1107 4218 1198 4264 autem
1221 4215 1340 4280 perfecti
1367 4217 1459 4279 operis

167 4299 324 4352 mercedem
342 4298 396 4349 diis
413 4303 506 4364 negat.
526 4296 606 4348 Iliad.
621 4299 694 4349 xxt.
708 4298 766 4348 111.
782 4299 896 4364 sq.V11.
910 4298 969 4348 45²,
983 4313 1023 4363 aq.
1094 4297 1115 4330 ¹⁰
1136 4299 1203 4349 Post
1226 4298 1309 4364 ligem
1328 4299 1458 4350 Camara-

167 4399 281 4436 eanaam
298 4382 386 4435 lolius
404 4388 460 4433 tum
480 4399 497 4433 a
514 4391 593 4449 parte
613 4383 732 4433 Caesaris
751 4389 848 4433 contra
867 4382 975 4441 Gallos,
995 4387 1049 4432 tum
1070 4399 1086 4433 a
1104 4389 1184 4450 porto
1204 4383 1343 4434 Gallorum
1362 4391 1460 4434 eorrtra

166 4469 311 4525 Gnatam
327 4472 453 4525 natarat.
524 4467 543 4500 ¹¹
562 4469 648 4519 Vetus
667 4468 747 4519 Ilium
766 4469 885 4519 Troiano
903 4467 977 4517 hello
996 4466 1113 4530 cecidit,
1137 4484 1235 4518 novum
1255 4468 1290 4518 ab
1309 4468 1460 4519 Alexandri

165 4555 206 4606 ld.
219 4554 391 4621 temporibus
408 4570 457 4621 per
470 4552 547 4605 Rom.
562 4555 670 4619 imperii
690 4555 781 4604 florem
800 4556 886 4604 stetit.
941 4552 961 4584 ¹¹
978 4551 1063 4620 hune]
1083 4552 1182 4602 Iulium
1194 4553 1228 4602 11.
1304 4538 1306 4543 ¹

239 4636 296 4691 loo
326 4637 517 4704 ⁸1u10]1uti0
535 4639 571 4689 11.
589 4647 616 4689 ut
633 4657 655 4690 o.
671 4643 710 4690 11.
763 4639 930 4690 ¹Vecordes
948 4640 1119 4704 aaaproeer
1138 4642 1161 4687 1.
1218 4637 1376 4689 ¹Selimum
1396 4640 1417 4689 1.
1432 4644 1460 4689 et

167 4725 267 4776 Home
284 4725 486 4776 Barbaroasam
505 4726 532 4774 in
551 4714 710 4778 memoriam
729 4732 844 4776 revocat
861 4730 952 4790 poeta.
