3270 5354
163 344 236 417 360
342 372 465 408 nuruum
479 371 508 406 1tt
522 368 720 404 EXCEPTIONEH
733 365 918 401 HOGVNTINAH
932 366 1053 400 annuitur
1067 365 1272 401 raderamnus.

366 528 403 589 Et
426 535 491 586 ruat
514 528 542 585 in
567 524 693 584 Venetos
715 523 835 583 deserto
858 521 990 582 Teutone
1013 540 1143 601 campos.

316 653 354 692 ros
369 631 426 690 Tot
447 628 526 688 lluvii
550 627 702 703 sontesque
725 642 829 684 omnes
852 631 880 684 et
902 631 1002 701 stagna
1026 623 1168 701 lacusque

369 731 565 796 Conveniunt,
589 736 620 788 tn
643 735 671 787 te
694 726 824 786 medium
848 728 1001 803 componis
1023 734 1053 787 et
1074 743 1163 804 urges

369 834 510 895 Conrivas
532 832 698 907 miseesque
720 829 801 888 ioeos
823 826 971 906 longoque
994 828 1119 890 moraris

368 936 483 996 Allusos
505 949 642 994 semmne
658 931 744 998 deos,
768 937 829 989 tum
853 931 945 990 tristia
968 932 1060 1008 siquis

369 1036 508 1104 Pertulit,
532 1036 635 1094 invitas
658 1033 787 1093 animum
810 1032 846 1091 ad
870 1032 991 1093 meliora
1015 1035 1175 1103 iacentem3

318 1160 356 1200 am
372 1140 410 1200 ln
429 1138 555 1198 Venetos
578 1136 707 1203 Athesis,
731 1135 762 1193 in
785 1134 918 1194 Turritas
941 1134 1043 1213 palluit
1066 1135 1153 1204 ister,
1373 1178 1413 1212 ,m

371 1241 416 1302 Tu
439 1240 586 1320 promittis
609 1255 696 1316 opem
720 1245 748 1296 et
769 1235 883 1297 lar-eras
906 1237 1055 1315 deponere
1078 1255 1166 1297 curas

371 1343 467 1403 Corde
488 1341 573 1400 iubes
595 1347 800 1417 monstrasqne
823 1339 946 1409 ducem,
969 1357 1052 1416 spem
1075 1339 1166 1400 rebus
1189 1340 1344 1419 ademptis,

374 1445 426 1505 Coi
449 1444 557 1504 festum
581 1441 736 1503 celebrare
760 1441 853 1509 diem,
878 1443 926 1501 eni
949 1441 1069 1519 gaudia,
1094 1443 1196 1519 prosit.

374 1546 449 1606 Tum
472 1544 614 1605 hiandum
637 1542 749 1604 moliris
771 1543 819 1613 io,
844 1542 995 1605 clamantis
1017 1543 1053 1603 ab
1077 1561 1130 1604 ore

321 1670 359 1710 ars
375 1648 536 1728 Exceptum
561 1648 693 1707 referunt
716 1664 833 1716 omneS,
856 1648 1022 1708 resonantia
1046 1646 1151 1724 plausu

374 1752 453 1811 Atria
478 1750 672 1816 contendunt,
697 1748 749 1808 tibi
772 1750 952 1826 gratificatur
975 1749 1084 1817 amieo,

375 1854 467 1931 inque
492 1853 583 1912 rieem
607 1870 638 1911 se
661 1850 746 1910 turba
771 1852 836 1910 ciet.
861 1869 936 1928 quos
957 1851 1034 1911 inter
1056 1849 1188 1910 honores

376 1955 428 2015 Cui
452 1973 512 2014 non
535 1954 663 2020 laeticiae,
688 1954 734 2012 cui
759 1969 818 2012 non
841 1960 883 2024 te,
908 1953 1025 2021 illene,
1050 1950 1202 2030 triumpho

376 2056 533 2134 Indulgere
556 2056 651 2117 inrat‘l
673 2055 731 2113 Vos
753 2073 833 2114 nilne
855 2054 1048 2133 corruentibus
1070 2055 1171 2131 aequis,

324 2161 402 2223 arist)
426 2177 582 2238 proceres,
606 2157 723 2218 laudate
746 2158 868 2226 ducem,
893 2159 942 2216 cui
963 2155 1031 2217 talia
1053 2157 1136 2225 fiunt,

376 2261 509 2322 Plaudite
533 2280 599 2322 euin
624 2267 738 2329 restro,
762 2278 907 2338 curasque
930 2259 1066 2326 amittite,
1091 2257 1211 2326 Rheno,

379 2364 415 2424 Et
436 2365 543 2425 testum
566 2369 702 2423 exercete
724 2363 801 2422 diem
824 2364 957 2440 votisque
979 2361 1073 2420 fovete

378 2467 464 2527 Hunc
487 2482 650 2534 memores,
675 2463 824 2543 nitidoque
848 2465 940 2540 igitur
962 2463 1074 2541 signate
1097 2462 1212 2541 lapillo!

378 2568 462 2629 illum
487 2566 623 2645 equidem
648 2565 732 2625 nohis
754 2565 822 2625 albo
846 2583 953 2626 nevere
976 2583 1095 2626 sorores

327 2694 366 2734 aas
382 2670 495 2732 Vellere
518 2668 619 2729 fatales
642 2669 882 2747 fortunatumque
907 2675 1046 2727 roc-arunt

380 2773 496 2850 Egregii
520 2770 615 2831 natale
637 2772 700 2830 viri.
724 2772 834 2830 terrete
857 2771 1004 2848 frequenti

382 2875 465 2952 igne,
489 2876 557 2941 riae,
581 2875 691 2952 sparsis
713 2872 863 2933 lue-escant
886 2875 1011 2951 compita
1033 2874 1175 2942 flammis,

382 2978 527 3037 Laetitiam
552 2982 653 3035 testata
678 2975 786 3043 sirum,
810 2974 894 3053 plebs
917 2977 1012 3035 omnis
1034 2976 1138 3037 adoret

384 3079 528 3156 Principis
551 3078 707 3138 adrentum
731 3095 846 3137 summo
870 3080 1053 3156 excipiatque
1076 3078 1176 3137 lavore

331 3202 371 3242 rao
386 3181 491 3241 Lilrera
515 3180 588 3239 laeta
613 3180 734 3239 ilneern!
758 3179 847 3240 millis
870 3198 929 3239 non
952 3179 1057 3256 gandia
1080 3178 1213 3256 templis,

384 3281 467 3343 Nulla
491 3300 550 3341 non
573 3283 630 3340 siut
652 3280 737 3359 plena
761 3282 849 3341 domo
872 3280 1034 3360 plateisqne
1057 3280 1192 3360 loroque!

385 3384 442 3445 Vos
464 3383 635 3461 liloguntino
660 3384 832 3445 circundate
856 3383 969 3444 vincula
992 3384 1076 3444 lano:

385 3486 443 3546 l‘ax
468 3488 538 3554 erit,
563 3487 592 3544 in
617 3504 720 3545 curras
743 3486 856 3563 gladios
879 3486 1049 3547 contundite
1073 3485 1179 3554 lalces,

384 3588 417 3647 ln
441 3606 605 3658 inurerent,
630 3590 659 3647 in
682 3589 773 3648 duros
796 3589 894 3665 galeas
917 3589 1043 3650 ooullate
1064 3587 1191 3666 ligones!
1368 3582 1456 3668 22¹2*

332 3711 370 3752 aaa
386 3688 458 3758 Quis
481 3698 566 3750 canet
589 3691 643 3751 lios
666 3690 786 3769 plausus
808 3691 972 3769 aequalique
996 3691 1099 3751 eiieret
1120 3709 1172 3750 ore

386 3791 532 3851 Laetieiam
556 3792 658 3872 populi
681 3800 709 3852 et
732 3792 804 3854 tales
826 3800 854 3853 te
878 3796 1005 3854 intrante
1028 3792 1168 3871 paratus?

386 3896 443 3955 Aut
465 3912 530 3973 quae
553 3897 709 3972 posteritas
732 3895 833 3956 erodet
855 3897 1015 3974 fretumque
1038 3893 1175 3972 negabit?

387 3997 456 4057 llaec
478 4003 541 4057 erat
564 3995 611 4056 illa
634 3997 721 4066 netes,
746 4016 887 4076 superum
910 3998 972 4058 haee
997 3997 1141 4075 promissa
1165 3996 1287 4057 luerunt

250 4218 284 4251 ²⁰⁵
303 4219 437 4268 Similiter
456 4218 553 4268 Areon.
567 4217 584 4268 l.
600 4234 622 4267 c.
637 4218 695 4266 tii.
710 4236 749 4283 sq.
771 4221 830 4282 „Te
849 4221 941 4269 fontes
959 4219 1071 4284 vivique
1089 4217 1177 4279 lacus,
1197 4222 1225 4266 te
1245 4216 1349 4268 eaeruta
1368 4214 1470 4265 noscent

183 4304 326 4366 Flumine,
347 4310 374 4354 te
393 4309 518 4364 veteres,
538 4320 670 4369 pagorum
690 4304 793 4370 gloria,
813 4304 896 4354 luci”.
962 4302 996 4335 ²⁰⁸
1014 4300 1091 4368 deos]
1113 4303 1219 4353 fluvios.
1276 4299 1470 4350 ³¹⁰'1'ureusi-

182 4393 238 4438 Μ.
257 4389 380 4438 Venetus
400 4395 427 4438 et
445 4390 550 4449 Tinea,
571 4390 682 4454 Imperii
701 4390 803 4441 hostes.
872 4386 907 4420 ²¹⁵
926 4390 1087 4455 Exemptnm
1108 4391 1131 4436 1.
1201 4383 1236 4418 ²¹⁰
1253 4388 1336 4452 ‘lipsa
1353 4404 1402 4447 ex,
1418 4382 1471 4448 sed·

182 4471 216 4504 ²¹³
235 4473 369 4537 „diesque
388 4474 469 4523 nobis
482 4474 616 4538 Signandi
636 4474 796 4525 melioribus
808 4475 929 4541 lapillis”
949 4475 1066 4524 ,tlorliat
1081 4474 1128 4522 IX.
1142 4472 1208 4535 53‚t.
1222 4487 1262 4537 sq.
1278 4472 1353 4522 Pera.
1367 4476 1418 4520 sat„
1431 4467 1471 4528 2,t.

184 4559 250 4606 Ptin.
264 4559 298 4608 H.
312 4558 345 4607 N.
359 4558 419 4608 Vll.
435 4557 511 4621 40,st
559 4558 591 4591 ²²⁸
608 4561 695 4612 ittam.
710 4563 731 4612 1.
746 4562 792 4624 7‚t.
808 4563 908 4626 „Hune
929 4560 1056 4609 cecinere
1074 4559 1147 4607 diem
1160 4559 1257 4608 Parcae
1271 4555 1374 4606 letalia
1386 4559 1472 4604 nentes

185 4641 334 4691 staminar.
375 4640 408 4674 ²³¹
427 4644 599 4695 circumdate
618 4650 642 4695 6.
662 4646 680 4696 i.
696 4663 720 4696 e.
740 4646 862 4697 claudite
881 4646 942 4696 lani
961 4645 1048 4695 vestri
1066 4643 1210 4709 templum,
1231 4643 1323 4708 pacis,
1345 4656 1400 4690 non
1416 4635 1472 4689 belii

185 4741 262 4775 arma
283 4730 421 4776 exercete.
474 4725 509 4759 '³³
527 4732 586 4779 Hoc
604 4733 691 4779 lemma
708 4748 761 4782 cum
779 4733 860 4783 tridua
872 4749 930 4799 sqq.
943 4745 990 4780 om.
1005 4733 1031 4781 3.
1083 4725 1118 4760 ²³⁰
1137 4728 1235 4778 luerun
1255 4730 1278 4777 1.
