3270 5354
218 369 292 442 438
313 400 486 447 ntnvrnnttu
500 399 603 434 BYMNI
616 399 777 435 TRIVHPHVS
790 397 928 433 DOCTOBIS
942 398 1083 433 unvcflnrrt
1096 399 1119 433 8.
1128 398 1342 436 1οΔ.οΔΡ11101118
1354 402 1475 439 :boolton

420 553 484 615 Non
508 554 617 631 fugisse
637 571 756 621 necem,
780 553 913 612 meritam
937 570 991 630 pro
1014 553 1139 613 crimine
1161 570 1294 633 prenam,

420 654 513 724 Quam
536 672 616 716 nune
638 673 703 715 esse
725 654 833 715 miser?
855 654 922 721 sed,
947 671 1012 730 quae
1034 653 1086 713 tibi
1109 655 1206 716 terrea
1229 672 1314 716 mena
1336 665 1390 724 est,

423 757 544 817 letaris
566 756 672 816 vidisse
694 756 791 834 prius,
815 764 844 816 te
865 756 977 816 semina
1000 753 1102 824 dante,

421 857 465 918 'le
488 875 682 936 caussamque
704 857 803 925 malis,
827 856 977 935 Capniona
1000 858 1099 934 quiete
1120 866 1272 918 carentem

371 984 409 1024 uo
424 959 647 1038 Turbatumque
669 977 788 1027 senem,
811 957 1037 1038 lachrymasque
1058 959 1088 1017 in
1111 956 1199 1036 plebe
1221 961 1337 1021 refusas

423 1063 482 1123 l‘ro
505 1061 714 1129 condemnato,
738 1061 914 1139 punitosque
937 1060 1005 1136 igne
1026 1044 1157 1120 libellos.¹

420 1164 456 1224 llt
478 1170 525 1231 tu,
548 1163 596 1223 eui
618 1170 735 1241 gratum
758 1169 802 1223 est
823 1179 940 1222 ornnem
963 1160 1085 1222 turbare
1106 1164 1251 1242 quietern,

421 1265 458 1324 Et
479 1265 604 1325 miscere
626 1265 704 1326 viros
726 1265 851 1343 pacique
873 1263 1015 1324 inducere
1037 1262 1162 1334 bellum,

421 1367 458 1428 Ut
480 1365 587 1426 Christi
610 1366 745 1427 discorde
767 1384 859 1444 pecus
880 1373 1000 1442 pastore
1022 1373 1159 1444 vagetur:

371 1490 409 1529 aas
425 1468 497 1528 Nam
512 1486 607 1546 neque
619 1476 651 1526 tu
661 1467 810 1528 Christum
825 1466 954 1546 (simules
967 1485 1134 1547 quanquam
1146 1467 1256 1549 omnia)
1267 1469 1387 1530 serras:'=
1400 1468 1479 1553 {w

422 1570 566 1647 Quodque
588 1569 695 1648 aliquid
719 1567 819 1629 tulerit
840 1569 987 1647 Capnion,
1011 1586 1090 1629 nune
1112 1571 1211 1648 aspice
1233 1571 1336 1632 eodem
1385 1534 1474 1632 ltt‘tt‘

423 1671 545 1732 Lumine
568 1671 722 1739 victorem,
746 1678 834 1749 teque
855 1669 913 1730 hoc
934 1672 964 1731 in
986 1669 1107 1750 pulvere
1128 1679 1255 1733 tractum

423 1772 592 1833 Pectinibus
614 1770 737 1852 patulis,
762 1778 890 1850 apioque
912 1772 948 1832 ad
972 1771 1094 1833 verbera
1117 1780 1203 1852 tergo

423 1873 580 1934 Conscindi
602 1873 702 1952 llagris
725 1881 753 1934 et
775 1874 876 1952 iniquo
899 1874 975 1935 luste
998 1874 1127 1942 domari;

372 1997 409 2039 rso
424 1974 486 2045 Oua
510 1994 577 2036 cum
600 1984 628 2036 te
651 1977 756 2036 invidia
779 1976 887 2036 misere
909 1976 1102 2045 cruciaveris,
1126 1977 1201 2036 intra

423 2076 472 2138 llia
496 2076 644 2148 tabescas,
668 2085 697 2138 et
719 2077 796 2138 lenta
820 2084 916 2138 morte
937 2096 1107 2157 supremam

424 2178 549 2240 Exbales
571 2181 714 2249 animam,
738 2179 837 2240 multis
860 2178 993 2257 exempla
1016 2179 1160 2241 daturam.

486 2280 551 2342 lluc
573 2283 632 2360 agit
654 2282 767 2360 ingenti
788 2279 914 2342 celebris
936 2281 1085 2360 Mogontia
1108 2280 1213 2362 plausu
1383 2285 1483 2361 tutuno.

423 2382 511 2445 Urbis
532 2390 663 2443 monstra
686 2400 761 2454 suae,
785 2382 861 2444 bene
885 2382 922 2443 de
944 2382 1095 2462 Capnione
1116 2386 1227 2445 mereri

370 2507 408 2548 ue
422 2484 486 2546 Non
509 2501 589 2545 nunc
611 2485 766 2564 incipiens,
791 2491 997 2564 commotaque
1019 2485 1097 2547 eiicit
1117 2487 1161 2547 ira

422 2586 482 2657 Te,
506 2586 674 2658 Bertrame,
698 2587 765 2648 odio
788 2587 910 2666 dignum
932 2595 1035 2668 caput,
1059 2587 1156 2650 omnia
1178 2589 1292 2660 nisum,
1353 2588 1427 2623 Μ’·
1439 2580 1474 2622 '‘t·

1352 2634 1398 2666 tran
1409 2631 1430 2665 de
1437 2631 1488 2664 nun·

422 2688 526 2749 Omnia
549 2696 701 2760 conatum,
725 2689 841 2769 siquid
864 2689 1030 2751 convellere
1052 2707 1154 2769 posses
1351 2673 1484 2760 bdelli?

422 2792 463 2853 lle
486 2792 635 2870 Capnionc
657 2790 746 2853 bono.
771 2792 822 2852 sed
846 2791 893 2852 dic
916 2808 979 2861 cur,
1002 2794 1144 2872 pessime,
1168 2793 1288 2854 tandem

421 2895 482 2955 lam
506 2895 589 2972 cupis
610 2895 639 2954 in
662 2895 764 2955 studiis
787 2894 944 2972 quicquam
968 2892 1135 2955 elaborasse
1158 2894 1264 2966 videri,

370 3016 409 3056 roo
424 2997 496 3058 Cum
520 2997 576 3056 vita
600 2995 687 3057 luerit
709 2996 874 3056 studiorum
896 2994 976 3057 rrulla
998 2997 1092 3074 priori

422 3100 514 3169 Cura,
539 3117 595 3159 nec
617 3097 696 3158 ullus
718 3097 819 3157 arnor?
843 3097 911 3176 quid
935 3099 990 3158 rita
1015 3098 1082 3158 lecit
1104 3099 1133 3158 in
1156 3100 1256 3159 omni?

421 3198 545 3259 ‘Christi
567 3200 646 3278 pavit
668 3197 761 3259 ores':
785 3200 875 3258 immo
897 3200 977 3260 hunc
1001 3199 1154 3278 crapulosa
1179 3219 1289 3280 vorago

421 3302 502 3362 l‘avit
524 3301 737 3380 aqualiculum,
762 3320 912 3380 quemque
935 3301 1012 3362 lrane
1034 3303 1080 3361 rix
1103 3309 1202 3381 portat
1224 3305 1253 3364 in
1275 3303 1397 3371 orbern

421 3402 497 3464 Cura
521 3403 673 3482 saginandi
695 3422 813 3484 semper
836 3403 890 3465 luit
912 3406 997 3466 unica
1021 3405 1143 3465 ventris:

370 3527 408 3568 res
424 3505 557 3576 Gemite,
582 3505 735 3584 glutones,
759 3506 955 3576 comederes,
978 3507 1107 3576 cernite,
1131 3512 1265 3576 ventres,

420 3607 555 3668 Vestrum
571 3608 619 3669 hic
635 3608 845 3689 opprobrium:
865 3607 941 3669 bene
957 3617 1073 3686 pastum
1089 3607 1169 3668 hunc
1184 3614 1214 3668 et
1230 3607 1308 3670 bene
1323 3616 1425 3687 potum

420 3709 471 3769 llis
494 3728 549 3788 ego
572 3712 709 3771 coniunxi
732 3711 833 3779 sociis,
858 3709 986 3789 palearia
1009 3709 1140 3788 pendent

421 3810 527 3871 l'ectus
549 3812 584 3873 ad
608 3821 787 3881 extremum,
812 3812 920 3873 collum
943 3819 1032 3891 capnt
1053 3819 1141 3889 urget
1163 3810 1305 3881 obesun1;

216 3968 418 3975 ...o-*—

283 4066 315 4098 ⁷³⁹
334 4081 477 4132 ceusumq3
497 4071 587 4120 3.4.7.
657 4064 691 4098 ⁷⁴⁰
708 4067 799 4132 plaebe
819 4069 875 4119 1.2.
945 4064 1219 4118 ⁷¹⁹fusce1.2.5.d.
1291 4066 1327 4101 ⁷⁵⁰
1346 4070 1408 4119 Non
1431 4063 1501 4130 nune]

216 4155 274 4202 lom
292 4151 578 4205 d.ll.Oet.e.1513.
598 4152 784 4203 Hochatratus
809 4167 870 4202 cum
888 4152 946 4202 suis
965 4156 1104 4217 tamquam
1128 4151 1238 4202 hiantes
1257 4152 1317 4219 lupi
1336 4171 1350 4204 e
1370 4153 1503 4219 Mogontia

214 4236 359 4287 discedere
378 4238 469 4287 coacti
488 4238 607 4288 luerent.
678 4236 712 4269 Μ
733 4238 883 4287 'Priumviri
901 4236 1072 4299 Bertremus,
1092 4237 1236 4287 Zohender
1255 4242 1284 4287 et
1302 4239 1417 4303 Meyer,
1442 4238 1503 4288 aliea

215 4323 299 4371 etium
318 4321 353 4372 eb
372 4323 495 4373 lluttono
513 4339 568 4373 non
586 4323 708 4385 laudati,
728 4322 877 4372 laudentur
894 4323 984 4387 Epist.
998 4322 1032 4373 O.
1045 4322 1077 4371 V.
1093 4322 1128 4371 11.
1141 4320 1183 4372 33.
1215 4322 1257 4372 lle
1276 4323 1394 4387 Meyero
1413 4324 1502 4374 01111-

215 4408 348 4457 nimature
368 4408 395 4455 in
414 4408 510 4472 primis
524 4409 607 4458 etiem
619 4409 738 4459 Hutteni
751 4408 786 4457 ad
799 4408 966 4457 Nucnerinm
986 4406 1105 4473 epistola
1117 4407 1144 4456 d.
1157 4405 1182 4458 3.
1196 4408 1260 4472 Apr.
1275 4424 1302 4457 e.
1320 4407 1394 4459 1518.
1409 4409 1503 4472 scripta

215 4491 279 4551 (vol.
292 4493 314 4542 1.
329 4509 355 4556 p.
369 4491 426 4542 165.
440 4494 480 4554 ἕξ.
493 4493 517 4542 5.
531 4492 568 4553 11.)
588 4494 757 4544 conferendo
776 4498 826 4543 ost.
880 4494 979 4554 nisum,
999 4508 1094 4543 serves
1112 4498 1137 4544 5.
1196 4490 1229 4524 ⁷⁸⁹
1249 4492 1422 4544 olebdrusee.
1441 4491 1502 4557 (ver

214 4575 539 4640 snsmeleelaborotus.)
590 4577 624 4610 ⁷⁸²
642 4578 700 4629 lmb
721 4582 810 4631 3.4.7.
864 4577 1017 4643 crbpuloso.
1069 4576 1315 4643 mquenqjt...1.
1343 4581 1502 4645 quenquait.

215 4676 341 4726 quenque
360 4665 384 4714 6.
441 4660 475 4694 ⁷⁶⁴
493 4663 641 4727 segniandi
660 4668 684 4714 4.
743 4663 777 4696 ⁷⁰⁵
796 4665 899 4714 ‘Viuite
917 4663 1060 4725 lurcones,
1080 4663 1260 4725 commones,
1280 4665 1369 4716 vivite
1388 4663 1501 4715 ventris*-

219 4745 297 4795 Lucil.
313 4762 357 4811 up.
371 4747 437 4797 Non.
453 4763 478 4797 v.
492 4747 642 4799 Lurcones.
