3270 5354
96 108 218 147 nunt
231 108 269 145 D!
283 110 374 147 1Ιῦιο
388 110 464 145 ΗΜ.
475 110 540 145 ADV·
551 110 652 145 venti.
662 110 697 143 m·
709 108 815 144 Tvttctt
830 108 932 145 ORATIO
946 106 1258 144 tttxttttt..avo.1ttcnt.
1285 78 1350 149 171

59 268 136 325 taur
148 284 237 325 mont
254 268 439 325 mummium
452 267 579 337 madunt,
601 282 698 325 uereor
715 278 751 323 ne
765 268 923 335 scabrones,
944 274 976 323 ut
989 270 1076 331 aiuttt,
1090 268 1215 325 irritare-
1241 261 1361 347 'm

60 356 131 411 ritis:
170 358 290 427 poterat
302 352 453 421 Hannibal,
474 355 500 409 si
518 356 630 409 uictoria
651 356 690 409 uti
704 354 837 421 astitisset,
859 356 887 407 in
901 354 1032 425 Capitolio
1051 353 1176 425 epularis
1191 370 1243 426 pa·
1266 346 1361 431 ΙΨ·

62 444 155 497 mttt
175 436 252 497 Galli
271 436 410 509 Smonm,
431 440 458 495 si
472 441 593 513 paulum
610 438 699 495 adniti
718 440 876 506 miniatem,
900 436 1059 511 Capitolium
1076 454 1139 495 etam
1158 436 1217 495 lto-
1265 430 1358 513 §52¹5

63 540 145 581 nto
163 524 277 581 nomme
296 526 381 581 simul
399 526 569 597 eutinpuere.
608 526 717 597 tetrique
744 524 879 579 irritanda
903 539 938 578 ae
958 524 1113 579 dimittendo
1132 523 1275 581 Romanos
1294 540 1361 581 suos

43 611 235 669 samnium
250 622 347 667 remon
361 610 484 665 dominos
504 610 664 682 effecerunt.
710 608 790 677 Quod
810 612 864 664 nisi
880 608 961 665 litoius
982 610 1199 664 venenosissima
1213 626 1249 665 ae
1262 624 1360 667 resur-

60 696 149 769 pentia
165 696 287 767 tiperoe,
316 696 383 753 dum
403 694 496 751 odbtu
513 696 621 764 titubat,
647 698 768 752 ceruices
783 693 990 767 perfreperitis,
1015 694 1141 767 praediea
1162 695 1249 763 uobis,
1277 696 1359 768 quod,

61 782 89 837 si
110 794 171 837 non
195 788 255 835 tam
280 780 347 849 aito,
374 787 405 837 at
426 780 555 854 prolecto
582 781 762 852 potandoque,
794 782 821 835 si
845 797 901 835 non
921 794 982 847 tos,
1013 786 1088 835 certe
1116 786 1222 835 uestros
1247 795 1359 837 sucees-

61 878 147 921 tares
167 878 220 921 sua
235 878 340 921 ueneno
359 866 460 938 istisin
479 882 515 921 ae
537 868 624 938 spiris
649 865 854 939 circumlipabit.
898 865 950 921 Est
972 872 1114 937 praterea
1140 866 1194 921 itta
1218 868 1426 923 montemalo.

64 950 145 1007 duni
162 956 190 1007 et
209 964 262 1007 ars
281 953 440 1007 senatorio:
459 952 579 1025 delipunt
596 966 634 1006 esc
656 952 837 1007 callidissimis
858 958 884 1005 et
906 952 1099 1007 versutissimis
1120 958 1228 1006 senato-
1253 946 1258 961 ⁴

30 1034 148 1093 inritus
161 1042 298 1105 natm-es,
319 1052 389 1109 quos
408 1052 470 1093 eum
491 1037 602 1105 retibus,
622 1036 711 1091 banis
732 1045 757 1091 et
777 1039 848 1092 risco
866 1047 986 1107 perepre
1007 1037 1119 1104 mittunt,
1141 1051 1196 1091 non
1217 1036 1257 1092 ad
1267 1040 1361 1109 putes

62 1126 116 1177 ut
134 1134 204 1177 teret
221 1120 389 1179 irretiendos
410 1128 459 1177 aut
476 1121 656 1189 inescondos,
678 1124 729 1177 sed
747 1123 785 1177 od
802 1122 940 1193 fallendos
961 1128 1043 1192 atque
1064 1120 1238 1192 aeapimoor
1252 1124 1359 1195 prinei·

60 1222 133 1281 pn
152 1206 272 1263 m.
315 1204 436 1263 Sanctus
457 1208 606 1276 Antonius,
626 1215 689 1275 aut,
720 1216 748 1263 nt
769 1208 817 1262 alii
834 1207 940 1273 oolttnt,
969 1206 1077 1261 Pautm
1093 1208 1205 1279 primm
1234 1202 1360 1285 {sum

62 1290 202 1347 mia
222 1292 252 1347 in
271 1292 371 1365 spiritu
391 1301 489 1364 raptus
508 1294 572 1349 uidit
592 1294 718 1365 laqiteos,
745 1308 814 1365 quos
834 1294 900 1347 mali
918 1292 1056 1346 dumanas
1076 1293 1184 1347 moerus
1203 1292 1361 1349 mortalibus

66 1376 255 1445 mant,
276 1384 302 1433 et
322 1376 476 1433 admiratus
495 1378 666 1434 subtilitatem
686 1385 712 1433 et
727 1378 980 1449 artificiosissimam
1001 1376 1202 1447 dispositionem
1222 1384 1250 1433 et
1264 1392 1359 1435 nunte-

37 1476 128 1519 ttm
143 1462 321 1535 laqueorum
339 1464 367 1519 si
377 1465 524 1519 numerari
538 1466 697 1535 potuissent,
720 1464 887 1519 exclamauit
907 1462 960 1516 ‘Ab
974 1462 1179 1519 clementissime
1195 1463 1279 1519 deust
1297 1464 1361 1537 qun

64 1561 190 1621 qum
211 1546 263 1603 bot
281 1550 385 1605 enitare
397 1546 524 1621 poterit?
555 1550 604 1604 Tot
624 1556 651 1604 et
670 1550 738 1603 tales
758 1554 824 1603 sunt
844 1549 937 1617 laquei
963 1546 1139 1615 Venetorum,
1161 1562 1231 1620 quot
1249 1548 1427 1605 miserato.

59 1630 239 1705 mplius
254 1640 502 1705 proeparooerunt.
544 1636 754 1699 Auctoritatem,
772 1635 934 1705 pemaniom,
955 1632 1038 1689 urbes
1059 1646 1094 1687 oc
1106 1634 1268 1705 promotior
1289 1634 1359 1690 mul·

60 1722 107 1773 tut
141 1716 242 1773 Veneti
263 1718 460 1789 perdiderunt,-
482 1719 654 1791 superbiam,
688 1720 780 1787 dolos,
811 1717 987 1789 uaframento
1013 1728 1069 1773 non
1096 1719 1254 1775 amtsemmt
1298 1718 1362 1791 lpti

59 1800 190 1859 minet
208 1802 393 1859 mdelitsimi
410 1804 533 1860 omnibns
553 1804 745 1877 cupiditatibus
764 1805 913 1859 servientes
930 1812 1090 1875 proponent
1111 1802 1184 1860 uobis
1211 1809 1276 1859 ante
1294 1820 1358 1861 osu·

27 1888 107 1945 ulae
123 1888 360 1945 wambanem
378 1888 516 1961 fortunae,
536 1891 733 1946 instabilitatem
754 1905 847 1945 rerum
867 1889 1068 1957 bumanorum,
1085 1895 1111 1943 et
1129 1888 1282 1945 rationibus
1292 1888 1358 1962 pbi-

60 1972 215 2049 nuptiate
233 1978 261 2029 et
280 1970 432 2045 Seipmnts,
451 1975 622 2041 Alexandri,
644 1976 766 2031 (lusoris
786 1992 821 2029 ac
835 1975 953 2030 oliorum
975 1975 1110 2046 exemplis
1125 1974 1298 2031 eonabtmtur
1313 1992 1358 2031 ro-

60 2058 103 2115 i'u
132 2048 307 2115 mitam
330 2059 517 2131 perntndere,
547 2064 668 2117 animiam
695 2062 818 2128 maome,
843 2060 1018 2115 iratundiam
1044 2062 1071 2115 in
1098 2062 1211 2117 victorio
1238 2062 1360 2117 monime

61 2142 211 2205 mtnterm
236 2150 303 2199 tune
321 2142 401 2200 deum
431 2161 467 2200 ne
494 2147 710 2202 misericordiam
740 2148 798 2201 mus
824 2146 971 2201 obtestari.-
996 2145 1099 2200 addent
1116 2160 1231 2217 preces,
1256 2146 1360 2203 addent

57 2230 226 2303 mm.-
244 2242 293 2285 ωε
306 2233 491 2299 memineritis,
513 2234 585 2287 sioed
604 2232 708 2305 lllyaees
720 2232 789 2304 feeit
804 2233 868 2287 istos
884 2230 1013 2286 Sirenum
1034 2236 1142 2298 cantus,
1163 2232 1233 2287 istus
1256 2224 1361 2307 inat..

32 2314 241 2371 amicant
258 2313 385 2371 eitbaros
401 2317 498 2373 surdis
517 2334 553 2371 ae
570 2317 703 2373 obturatis
723 2316 839 2372 auribus
857 2317 1023 2387 praterire,
1052 2323 1078 2371 et
1099 2318 1140 2371 uti
1165 2318 1294 2391 exemplo
1316 2317 1361 2373 dei

60 2406 162 2457 ma
181 2398 347 2457 normanum
366 2401 401 2457 de
419 2418 473 2475 qnia
492 2404 590 2475 lepitur
611 2404 719 2458 ‘orabat
738 2402 868 2460 scelestus
888 2402 983 2467 datam,
1005 2418 1023 2455 a
1044 2418 1097 2473 quo
1111 2418 1166 2457 non
1187 2410 1260 2459 esset
1277 2406 1359 2459 mue-

60 2484 216 2541 rioortiinm
237 2486 454 2554 mmeaumras’,
482 2490 548 2561 attio
568 2495 634 2544 sterit
654 2490 699 2544 illa
721 2490 813 2543 attalaia
834 2488 928 2543 Circes
943 2486 1062 2558 pocula,
1089 2487 1137 2543 illo
1156 2502 1220 2544 esca
1239 2490 1357 2545 omniurn
1404 2492 1407 2499 '

60 2570 219 2639 mlum,
247 2586 304 2643 quo
322 2570 455 2643 msoeliees
472 2576 617 2647 principes
635 2575 739 2630 deliniti
757 2577 785 2628 in
807 2574 944 2627 maximos
963 2586 1075 2627 errores
1094 2575 1232 2645 primum,
1260 2574 1358 2629 dmnde

61 2656 89 2711 in
109 2656 255 2711 nimos
273 2656 363 2711 metus
384 2660 610 2730 praemiantur.
652 2662 711 2732 Ape
738 2674 802 2714 uero
819 2673 886 2729 pren
912 2657 1056 2729 desyderio
1082 2664 1108 2713 et
1134 2659 1281 2729 eupiditate
1307 2659 1425 2715 ‹ia-tm.

33 2740 192 2801 ”mantii
209 2742 236 2797 si
255 2742 370 2797 iustioioe
393 2748 442 2798 out
462 2742 563 2800 leonori
580 2760 645 2813 suo,
673 2747 700 2799 si
725 2745 774 2800 ulli
797 2744 934 2798 bominum
955 2748 1004 2797 out
1025 2742 1075 2797 deo
1094 2744 1151 2813 ipsi
1165 2760 1287 2816 unquam
1304 2758 1356 2815 pe-

59 2831 234 2899 munt.-
264 2830 339 2883 testit
365 2835 407 2883 est
431 2826 551 2885 iocobttt
576 2830 643 2886 Rea:
668 2830 766 2902 Cypri,
795 2844 875 2901 qttem
900 2834 1015 2898 arrepta
1032 2829 1117 2898 prius
1146 2820 1356 2906 {mmm

59 2914 87 2967 in
106 2924 232 2969 mem
250 2912 311 2983 fitia
330 2914 421 2969 tanati
437 2912 534 2969 Marci
554 2910 620 2989 (ult,
647 2932 747 2970 amara
768 2916 843 2986 filio,
863 2920 890 2969 et
909 2911 1062 2983 infaustum
1088 2916 1185 2967 matri-
1211 2906 1357 2995 imm

59 2990 212 3071 muti)
244 3012 301 3051 tnta
327 3012 389 3053 enm
413 2999 497 3071 filiolo
521 3002 593 3056 elam
621 3014 724 3057 ueneno
747 3000 932 3064 stastulerunt,
960 3004 990 3053 ul
1016 2997 1103 3071 Cypri
1128 3012 1227 3071 repno,
1256 3004 1288 3056 ut
1312 3002 1355 3055 in·

58 3082 122 3139 tttla
149 3096 247 3137 nomn
273 3084 412 3155 mandam
432 3100 581 3158 repnornm
599 3102 706 3158 rapace
723 3088 895 3157 potirentur.-
915 3089 995 3139 testes
1013 3089 1078 3139 sunt
1097 3084 1268 3140 Franusmts
1284 3084 1355 3143 oar-

31 3168 185 3241 ttmolo
207 3174 234 3223 et
253 3166 474 3226 Bortltalomoeus
496 3172 676 3245 Berpomates
700 3178 875 3243 connomenio
898 3168 991 3237 Coleo,
1021 3184 1116 3225 eorum
1165 3187 1275 3267 W
1295 3198 1357 3225 m

60 3254 209 3327 aapmrun
226 3252 327 3321 dures,
353 3254 409 3309 duo
432 3261 497 3311 tuno
513 3257 541 3311 in
563 3271 595 3312 re
612 3259 725 3313 militari
742 3257 976 3327 praestantissimi,
999 3271 1116 3327 qttorum
1166 3230 1355 3311 intimidi?

58 3338 144 3395 alleri
157 3342 278 3411 propter
296 3336 420 3411 soeemm
435 3346 485 3397 aut
504 3344 664 3399 eauillosum
684 3343 784 3398 dietum
807 3343 835 3396 in
857 3342 946 3397 media
971 3344 1050 3396 eurio
1080 3356 1189 3397 reorum
1217 3356 1294 3397 more
1311 3355 1352 3397 se·

58 3426 126 3479 rttri
145 3430 233 3495 caput
245 3432 441 3497 amputarent,
462 3426 697 3484 Bartltolomoentn
715 3435 803 3483 antem
822 3434 942 3499 propter
962 3429 1083 3498 terpentes
1102 3442 1168 3499 opes
1185 3426 1281 3481 bellico
1296 3429 1351 3483 uir-

58 3516 114 3565 tute
141 3508 277 3583 quoetitas
296 3510 376 3566 etiam
398 3525 500 3568 uneno
523 3515 594 3569 elam
624 3514 777 3569 necandum
804 3520 985 3569 eurauernnt:
1014 3513 1087 3568 testis
1113 3518 1153 3567 est
1178 3510 1349 3567 Patrinrelm
1360 3514 1380 3565 t.
1390 3518 1422 3563 ¹³.

60 3640 265 3651 ,..-..,.,--..-

128 3708 365 3761 reimmitttdot.
411 3708 629 3775 'eslidistimisz
645 3718 667 3763 l.
724 3712 745 3746 ¹⁰
763 3714 881 3779 retibus:
902 3716 925 3761 t.
976 3710 999 3743 ²⁸
1018 3710 1219 3776 Syrnnnm1.2.
1266 3708 1289 3742 ¹⁶
1307 3726 1351 3776 ey·

60 3792 232 3845 thurum.
275 3791 299 3825 ¹⁸
316 3794 492 3845 Anthioeitl.
539 3794 561 3827 ¹⁰
579 3796 691 3865 legitur]
710 3794 1023 3849 11.Macehab.1x.13.
1075 3793 1097 3827 ³¹
1116 3794 1222 3861 Cyprus
1233 3796 1352 3847 Veneto·

61 3894 121 3931 rum
138 3876 256 3945 imperio
274 3881 394 3929 sesessit
412 3896 437 3930 n.
453 3878 525 3930 llll.
557 3880 711 3933 catharina
730 3883 864 3934 (lomenia
887 3883 915 3931 in
938 3880 1141 3930 mutiimonium
1165 3880 1232 3932 dats
1249 3880 1352 3933 Incubo

59 3964 129 4032 tegi,
147 3978 309 4029 quemnam
325 3978 433 4015 veneno
451 3967 762 4019 extinxissentn.1473.
781 3968 940 4031 dysenteria
957 3966 1099 4016 laborasse
1118 3965 1256 4016 dicebant.
1287 3964 1352 4016 Gor·

58 4064 157 4101 num
180 4048 364 4113 adoptaverat
385 4048 562 4116 Respublica.
592 4052 637 4102 ct.
651 4054 729 4103 Hntt.
749 4052 810 4101 enh.
829 4068 855 4101 r.
871 4050 926 4100 178.
940 4066 997 4115 sqq.
1024 4055 1052 4100 et
1073 4050 1258 4101 Maximilinni
1280 4066 1351 4118 ηιμ

59 4134 178 4187 Venutio
190 4132 294 4197 datum,
308 4148 392 4199 supro
403 4151 430 4200 p.
445 4134 501 4186 toa.
552 4134 575 4169 ⁸⁴
596 4138 639 4186 De
653 4136 876 4187 Carmaniolensi
889 4140 917 4185 et
929 4135 1049 4186 Coleone
1069 4135 1106 4185 ei,
1117 4135 1191 4186 inire
1203 4135 1238 4185 ad
1250 4136 1351 4187 Venat.

58 4234 85 4269 r.
97 4216 160 4269 2²1.
179 4218 274 4283 „jann
291 4232 316 4271 es
334 4216 377 4283 nti
395 4218 509 4285 arinini,
525 4226 552 4285 ti
573 4221 611 4285 tue
628 4222 686 4281 unit
703 4222 806 4287 niutan,
825 4228 881 4273 nter
900 4222 994 4272 tietmar
1012 4221 1087 4288 otton
1099 4220 1195 4285 tattm,
1211 4218 1251 4285 jre
1263 4220 1352 4285 nnatt-

57 4302 111 4357 titt
137 4302 297 4369 mttaobten.
323 4306 362 4357 ott
385 4303 604 4369 [nominantem
627 4305 811 4370 tarnuanotrn
834 4310 921 4369 oetion
943 4306 1033 4369 annun
1069 4303 1198 4370 tinniant
1221 4304 1350 4367 catanien.

57 4386 80 4421 ⁸⁸
97 4386 159 4440 leh.
172 4386 345 4440 Pontiniacus
363 4404 385 4439 a.
398 4390 579 4441 Partiniutius
598 4392 654 4453 „ab
672 4390 828 4441 hominibus
847 4390 964 4441 aniverso
988 4390 1120 4441 factionis
1143 4406 1192 4459 pro
1215 4392 1274 4441 aetle
1292 4390 1351 4442 divi

58 4474 151 4535 Petri,
170 4490 224 4539 quo
242 4488 383 4525 neronum
401 4474 468 4525 horn
486 4492 516 4525 se
535 4475 700 4535 contulerat,
721 4476 830 4526 insidiis
849 4478 994 4541 exceptus,
1014 4490 1126 4527 tnmmtn
1145 4476 1292 4543 dignitatis
1310 4478 1351 4527 in·
