3270 5354
299 389 423 431 tivrrnttx
436 393 466 430 ll
480 394 677 431 excursionis!
689 395 875 432 NOGVNTlllA!
888 398 1009 434 Annnnrt
1022 398 1226 436 sennonteus.
1333 370 1404 444 397

313 549 516 628 Historiasque
537 548 619 627 loqui
640 558 757 620 tecum,
782 560 973 629 veterumque
995 552 1114 614 volebas

313 652 383 712 Acta
406 650 516 712 ducum
538 669 655 729 semper
677 651 791 730 legere,
815 662 902 733 atque
925 655 1027 715 audire
1048 663 1169 734 paratus

314 750 399 822 Quod
421 770 521 813 mores
543 771 650 814 ornare
672 761 754 822 tuos,
779 756 857 834 quod
882 774 1000 817 cornere
1024 765 1124 835 posset

312 853 468 933 Ingenium
490 853 659 934 docilesque
682 857 772 916 animi
795 857 973 935 protendere
995 860 1082 919 vires.

250 974 301 1017 uro
315 956 406 1028 Quid,
430 974 497 1017 cum
521 957 683 1017 Saronicus
704 959 761 1017 iam
784 957 878 1018 lectus
900 961 1057 1037 episcopus
1080 978 1178 1030 esses,
1299 959 1404 1043 lssfflqgl

312 1058 438 1120 Erexisti
460 1060 591 1119 animum
613 1058 711 1118 subito
735 1069 763 1119 et
785 1078 885 1121 rerum
908 1061 1104 1121 humanarum

313 1158 408 1220 Corde
430 1158 568 1238 relegasti
592 1180 694 1231 ouras,
718 1162 764 1222 cui
788 1162 903 1223 deditus
927 1180 1007 1223 esses

313 1259 417 1322 Oliicio
439 1269 552 1332 certus,
577 1264 836 1341 contempsistique
859 1264 971 1342 fugacis

312 1362 401 1425 Molle
423 1363 577 1442 voluptatis
599 1365 744 1426 studium:
769 1384 827 1424 non
850 1367 931 1443 optio
953 1365 1049 1426 solum

251 1483 301 1525 uos
315 1466 385 1527 fluo
407 1465 515 1544 probat
535 1465 673 1537 Alciden,
697 1469 783 1527 etiam
806 1467 858 1527 tito
882 1467 988 1528 blanda
1010 1467 1113 1528 Libido
1282 1468 1393 1527 luanus,

311 1566 409 1628 nstitit
429 1586 516 1630 omne
539 1568 637 1629 leneus
659 1568 807 1647 placidum
830 1569 1007 1649 exclusoque
1030 1570 1132 1631 labore

311 1667 424 1730 Obtulit
444 1668 602 1732 illecebras
624 1678 653 1731 et
676 1668 770 1730 duleis
792 1670 918 1732 amabile
941 1670 1027 1733 luxus

312 1770 532 1833 Commendarit
554 1790 644 1850 opus,
667 1771 719 1831 tibi
742 1770 796 1832 soli
819 1773 915 1832 rivere
938 1773 1020 1833 iussit

311 1873 400 1935 Extra
423 1875 512 1935 animi
536 1891 636 1936 curas:
661 1872 746 1951 ‘quid
769 1875 862 1942 coiux,
887 1876 942 1933 uisi
965 1875 1081 1936 noveris
1103 1878 1161 1947 nti,

253 1964 446 2036 troo-‘Divitiae
468 1975 607 2038 iacienti'
631 1976 742 2054 iuquit,
767 1982 812 2036 ‘tu
836 1977 956 2053 praemia
979 1983 1066 2037 tantae

328 2079 433 2156 Arripe
456 2077 596 2148 iortuuae,
620 2078 692 2139 satia
716 2084 743 2137 te
766 2077 886 2138 dotibus
908 2076 980 2145 illis;

312 2181 407 2242 ‘liora
430 2182 499 2259 fuge
522 2180 595 2260 (llaec
617 2178 696 2240 ultro
719 2180 856 2254 sentient),
881 2198 935 2240 noc
956 2186 987 2239 te
1009 2198 1094 2258 ange,
1117 2181 1169 2242 sed
1192 2183 1276 2244 auter

310 2284 398 2356 ‘Qum
420 2290 504 2363 potes
526 2282 595 2343 hinc
617 2289 729 2349 tecum,
754 2300 850 2351 mors,
875 2301 932 2360 qua
954 2290 983 2344 tc
1006 2285 1163 2344 accesserit
1184 2283 1274 2356 bora,

206 2369 209 2376 ¹
310 2385 424 2446 ‘Finiet
445 2403 533 2445 omne
555 2384 682 2452 bonum,
706 2401 743 2442 ne
765 2385 972 2461 praetereuntia
996 2385 1118 2463 perdas,

249 2505 299 2547 taos
315 2488 419 2549 ‘Utere
440 2485 642 2567 temporibus,
667 2485 748 2546 solus
771 2487 821 2562 qui
845 2485 974 2564 implerit
996 2486 1125 2548 hiantem

311 2588 445 2651 ‘Deliciis
467 2590 597 2649 animum
621 2588 705 2655 vixit;
730 2605 786 2648 nec
808 2588 844 2648 ad
867 2589 959 2648 ardua
982 2588 1074 2658 duco,

310 2689 419 2761 ‘Quam
441 2697 506 2752 tero
528 2689 585 2750 lata
610 2691 652 2750 ria
676 2689 744 2749 est'.
769 2697 871 2749 eontra
894 2691 984 2749 astitit
1006 2708 1095 2751 aurea
1119 2690 1217 2753 Virtus
1272 2687 1401 2769 illm

308 2792 449 2854 Mandans
471 2792 544 2853 dura
568 2792 642 2869 pati;
668 2801 720 2851 ‘ue
743 2791 800 2850 tide
822 2789 1013 2851 abeuntibus'
1037 2793 1149 2870 inquit,

311 2895 365 2956 ‘Ut
387 2893 495 2974 perdas
517 2893 639 2954 meliora
662 2892 765 2961 bouis
789 2910 847 2951 nou
871 2891 957 2968 longa
982 2891 1115 2971 voluptas

249 3014 300 3056 ruo
315 2994 423 3066 ‘Quam
447 2996 523 3057 ieret
545 2995 607 3055 baec
630 3002 717 3063 antas,
741 3000 849 3054 aeterua
873 2993 1059 3054 incommoda
1082 2994 1186 3064 ducet;

309 3097 389 3177 ‘lpsa
412 3098 531 3177 quidem
553 3098 583 3157 iu
606 3096 704 3157 medio
728 3113 816 3155 cursu
840 3096 914 3174 fugit
936 3096 1045 3174 optima
1068 3114 1185 3162 seeum,

308 3199 400 3260 ‘llum
421 3197 527 3278 linquit
548 3200 665 3278 peiora,
689 3198 802 3263 serens:
826 3197 916 3258 brcre
938 3205 1054 3273 ternpus
1076 3204 1106 3259 et
1128 3199 1238 3258 instans

309 3300 452 3362 ‘Exitium
473 3303 530 3361 vita
553 3299 601 3360 illa
625 3299 720 3368 dabit;
744 3318 781 3359 ne
803 3317 910 3377 sperne
932 3298 1035 3359 labore

309 3403 420 3464 ‘Parro
442 3419 549 3480 magna
572 3404 672 3481 sequi:
696 3420 764 3462 nam
786 3403 812 3462 si
834 3401 1047 3479 contempseris
1069 3401 1155 3462 buius

247 3523 298 3565 tare
314 3505 487 3566 ‘luxuriam
510 3507 589 3573 vitan,
614 3511 643 3565 te
665 3503 843 3582 amplissima
866 3501 956 3563 multa
979 3510 1140 3580 sequentur

311 3605 538 3686 ‘Durabuotque
561 3605 626 3665 diu:
651 3613 681 3666 tu
704 3614 847 3684 quantum
870 3624 886 3665 a
909 3623 1036 3684 corpore
1060 3605 1163 3674 cedes,

309 3708 454 3770 ‘Tantum
477 3708 567 3767 animi
590 3705 700 3776 cultus,
725 3714 838 3767 tantum
861 3706 991 3768 coelestia
1015 3714 1129 3787 tanges,

309 3813 539 3889 ‘Agnosccsque
562 3809 648 3877 deos,
672 3815 702 3869 et
723 3827 761 3869 ne
783 3827 842 3868 non
865 3811 985 3888 praemia
1008 3825 1133 3887 ponam.

309 3910 440 3980 ‘Gloria,
464 3910 556 3979 sama,
581 3910 687 3979 decus,
712 3929 836 3979 nornen,
861 3918 1050 3973 monumenta
1072 3909 1247 3973 dabuntur’.

248 4034 297 4075 raro
312 4014 445 4076 Dixerat:
469 4012 616 4091 extemplo
639 4012 747 4074 diorum
770 4014 882 4074 virtutis
905 4032 1005 4073 amore

307 4114 407 4176 Puber
429 4115 526 4175 adbuc
549 4116 699 4193 ingressus
721 4117 776 4176 iter
800 4113 970 4176 melioribus
992 4133 1111 4176 omnem

308 4218 418 4296 Aptasti
441 4219 520 4279 curis
543 4219 690 4278 animum:
714 4218 778 4296 quis
801 4219 907 4278 castius
929 4216 1016 4286 alter,
1293 4215 1399 4298 {wib

308 4319 402 4391 Ouam
426 4322 513 4425 riqis
536 4318 682 4398 loquitur,
706 4321 807 4398 ‹prisrc
829 4304 1009 4397 impollutius
1031 4317 1120 4386 alter,

171 4555 217 4593 ’Μ
235 4558 346 4610 Prodici
370 4557 502 4624 sophistae
527 4557 650 4607 fabulam
674 4558 707 4607 de
730 4555 852 4607 Hercula
876 4557 949 4606 inter
966 4554 1125 4620 Voluptatis
1142 4555 1312 4621 virtutisque
1336 4556 1399 4608 viss

152 4645 208 4697 esis
222 4660 267 4711 op.
280 4642 406 4708 Xenoph.
420 4657 499 4692 mem.
513 4642 549 4692 11.
567 4641 588 4691 l.
602 4641 661 4692 Cic.
675 4642 708 4692 de
721 4643 767 4693 off.
780 4643 801 4691 l.
814 4640 909 4704 32,tts.
925 4640 973 4690 sil.
988 4639 1050 4691 ltol.
1061 4641 1129 4691 Pon.
1144 4641 1202 4692 XV.
1215 4640 1258 4693 20.
1269 4657 1329 4708 sqq.
1342 4643 1396 4692 Ln-

151 4744 177 4781 n.
190 4744 279 4781 somn.
293 4728 436 4793 (Themist.
450 4732 520 4778 orot.
533 4727 634 4792 xxu.)
647 4734 696 4778 etr.
750 4726 793 4798 ’Ψ
810 4727 916 4793 premio
934 4730 957 4776 1.
966 4730 991 4777 2.
