3270 5354
151 378 279 414 tumn
293 378 396 414 Mulli
411 376 571 412 rulvurnvs
585 375 723 410 DOC’I’OBIS
737 375 880 410 nnvcnbttt
895 375 1141 412 ammonitionis
1156 379 1305 414 nucerinen.
1326 351 1395 422 421

309 530 355 593 n'tl
378 531 454 593 ultra
477 530 586 592 andere
609 536 638 590 et
662 531 801 590 victorem
824 546 986 606 agnoscere
1010 531 1119 597 victos,

308 633 392 694 llicat
412 632 462 702 lo,
486 633 510 692 ei
532 651 565 693 se
587 634 667 691 novit
690 631 863 700 Germania,
887 630 973 692 dicat.

351 734 410 794 lam
435 752 560 794 vacuum
583 734 662 794 curis
683 739 771 810 atque
794 732 951 794 ambitione
974 734 1102 795 solntnm
1240 736 1401 823 gggggogfl·

309 837 518 915 viventemque
540 834 596 896 sibi
618 834 792 913 reliquoque
814 836 933 895 suavius
955 838 997 896 nti

258 960 295 999 ns
310 937 459 1017 Tempore
481 943 665 1017 quaerentem
687 937 781 996 strnlia
805 937 881 997 inter
904 944 1004 997 sancta
1027 937 1176 1019 librosque

310 1040 373 1101 lite
395 1038 526 1117 relegata
547 1040 659 1100 lessam
682 1038 871 1116 elimtumque
894 1046 1011 1099 senecta
1120 1022 1123 1030 ¹

308 1143 444 1204 Invasere
466 1159 567 1202 senem
589 1141 764 1210 innocuum,
789 1139 829 1200 nil
852 1138 909 1200 tale
931 1149 1105 1203 merentem.

309 1243 416 1305 Caussa
439 1245 517 1304 ciros
539 1241 643 1311 movit,
669 1242 736 1320 qnia
760 1240 798 1303 nil
822 1260 977 1322 superesse
1001 1244 1137 1305 videbant

308 1347 379 1407 Post
400 1344 552 1406 Beruense
574 1341 702 1420 nephas,
727 1362 786 1422 quo
808 1362 840 1404 se
863 1345 1015 1423 ineprinare
1038 1344 1152 1407 liceret:
1329 1349 1398 1427 {gg

259 1468 296 1509 reo
310 1448 479 1527 despexere
500 1446 565 1516 din,
590 1445 699 1524 placnit
720 1446 870 1524 Capniouc
893 1454 1012 1526 reperto

308 1549 439 1611 Excrere
461 1548 577 1609 invidiae
599 1544 734 1607 stimulos
756 1545 933 1627 solitumque
955 1568 1115 1618 venenum:

309 1649 464 1720 Sollicitis,
488 1670 548 1730 qno
571 1650 717 1729 principio
741 1668 772 1710 se
796 1651 951 1727 accingere
973 1660 1095 1731 possent

308 1751 447 1832 Flagitio,
470 1770 558 1812 curas
580 1752 723 1812 recutitus
745 1758 876 1830 apostata
900 1751 985 1812 solvit

308 1853 527 1934 Consiliumque
550 1853 644 1923 dedit,
667 1852 718 1913 sed
743 1870 827 1914 versu
851 1853 951 1914 dicere
973 1854 1080 1916 durum
1103 1865 1147 1918 est

258 1959 332 2019 reeb
354 1957 465 2036 piperis
487 1973 581 2035 grano
603 1955 784 2016 Germanum
807 1972 914 2015 nornen
937 1957 1043 2035 adepti.

307 2059 393 2120 Hune
415 2056 485 2117 olim
508 2075 610 2137 paenas
632 2058 809 2135 lugientem,
834 2065 965 2118 extrema
987 2067 1138 2131 secntnrn,

308 2157 484 2240 Opprobriis
506 2166 678 2237 coopertum
702 2158 850 2219 hominem
868 2160 1009 2239 ,famaque
1031 2163 1147 2222 sinistra

306 2261 480 2340 l'lagitiiqne
503 2278 602 2329 reum,
626 2259 813 2321 simulantem
836 2280 870 2321 ac
892 2261 982 2322 multa
1006 2272 1174 2334 voventem,

309 2364 351 2424 ad
374 2363 483 2426 Christi
504 2370 622 2423 traxere
644 2362 746 2422 sidem:
771 2362 929 2440 prestabat
950 2366 980 2424 in
1004 2363 1051 2425 illa

258 2487 294 2528 ne
309 2464 471 2544 lielligione
493 2466 570 2525 mori
592 2471 621 2524 et
642 2481 697 2543 pro
721 2464 803 2524 lactis
826 2464 940 2528 solvere
962 2485 1063 2546 peenas

308 2566 403 2638 Quam
425 2565 535 2628 bellum
559 2585 592 2627 ae
615 2564 708 2625 scedas
730 2565 883 2627 nobiscum
907 2568 1071 2631 accendere
1093 2569 1166 2631 lites.

306 2669 413 2730 Nescio
436 2687 502 2748 qnae
523 2667 646 2729 stolidus
669 2675 834 2729 commenta
858 2670 969 2731 edenda
993 2681 1125 2752 pararat,

309 2773 395 2833 Certe
417 2769 530 2850 aliquas
551 2788 660 2849 nugae,
684 2771 786 2849 patriae
808 2779 920 2831 secreta
943 2772 1053 2834 relictae
1205 2775 1324 2856 'Quomodo
1338 2777 1398 2811 aa..

1226 2821 1274 2852 utus
1287 2817 1312 2853 Ca
1326 2819 1377 2853 nien.

307 2874 398 2934 Sacra
420 2871 592 2934 recludebat
615 2871 788 2949 lndmosqne
810 2873 878 2949 igne
902 2876 1077 2935 cremandos
1313 2829 1324 2862 Ρ

257 2997 294 3036 ns
309 2976 427 3037 Censuit
449 2992 513 3036 esse
535 2973 642 3043 libros,
666 2974 833 3052 passimque
856 2975 919 3036 baec
942 2976 1017 3037 odila
1040 2978 1122 3038 iussit

308 3077 378 3138 Esse
401 3075 498 3156 palam
521 3074 690 3155 populoque
712 3075 785 3154 legi,
807 3076 924 3155 iamque
946 3078 976 3138 id
1000 3078 1064 3139 lore
1087 3096 1225 3154 magnum

309 3179 485 3240 Crediderat
506 3195 658 3257 nugasque
680 3195 749 3238 snas
770 3177 909 3239 laudabat
930 3180 1062 3260 ineptus;

307 3280 382 3341 Tnm
406 3281 477 3342 dare
500 3279 654 3342 consilinm
678 3281 788 3340 nostris
810 3280 994 3359 magnatibus
1017 3301 1105 3343 arrsns

308 3380 520 3444 bellushomo
543 3381 680 3460 gravibus
703 3400 835 3443 caussam
859 3383 896 3444 de
919 3382 1009 3444 rebus
1031 3384 1145 3461 agebat.

257 3506 294 3547 reo
308 3485 416 3545 Contra
438 3483 547 3562 aliquid
571 3483 677 3544 Noster
699 3484 775 3545 facto
798 3484 949 3545 consultus
972 3485 1075 3547 eodem

308 3587 489 3664 Scripserat,
513 3585 633 3664 ignarus
654 3586 725 3664 qnid
747 3588 948 3666 proposuisset
970 3586 1079 3665 Apella.

308 3689 418 3767 Arripit
439 3687 487 3748 hic
510 3705 626 3756 ansam,
652 3670 769 3749 centum
793 3698 836 3749 cst
858 3690 894 3750 ad
919 3691 1027 3766 iurgia,
1051 3693 1140 3751 morit

308 3791 446 3869 blagnnm
469 3791 599 3851 animum
622 3790 736 3850 iudaeus
759 3791 865 3862 homo,
888 3790 986 3852 scelus
1008 3810 1096 3853 onrne
1119 3794 1226 3855 relbllit

308 3892 344 3952 Et
365 3911 420 3971 pro
443 3912 475 3953 se
498 3893 568 3953 dicit
589 3892 736 3969 Capnion,
761 3895 927 3972 iterumque
949 3893 1090 3954 rebellem

258 4016 293 4054 na
308 3994 346 4054 Et
367 3993 507 4071 quiddam
529 3993 650 4055 sceleris
673 3993 804 4055 molitum
828 3996 980 4074 insigniter
1002 3999 1063 4057 acri

172 4213 206 4247 ¹³⁸
223 4216 436 4265 Exeunteauno
451 4214 840 4266 1455.10annesneachlinua
858 4217 989 4266 nescitur.
1046 4215 1077 4248 ¹⁵⁸
1096 4216 1261 4267 Causam.
1306 4216 1397 4267 ¹⁵⁹ue-

175 4302 265 4350 Ml.
323 4301 366 4349 De
385 4298 520 4349 Beruensi
538 4299 645 4350 scelere
664 4304 693 4349 et
711 4301 817 4350 letzero
836 4301 1027 4365 Wigandoque
1047 4301 1119 4350 Wirt
1136 4303 1206 4352 setis
1225 4302 1297 4352 elice
1315 4302 1396 4352 edno-

151 4385 225 4435 imus
243 4388 272 4433 et
290 4384 453 4434 conferendi
472 4390 536 4434 erint
553 4385 628 4435 infre
646 4400 742 4435 verene
760 4385 819 4435 315.
832 4398 890 4448 sqq.
943 4400 973 4433 se
991 4385 1135 4449 inquinare
1154 4389 1227 4436 mele.
1282 4385 1312 4418 ¹⁶¹
1331 4387 1397 4437 Eie-

151 4486 169 4521 t!
188 4473 282 4522 Mi.
303 4471 372 4535 qnod
389 4477 459 4519 recte
476 4472 525 4520 aed
540 4471 567 4519 ia
585 4485 634 4520 non
653 4473 759 4519 merenti
777 4471 891 4519 Helleno
909 4472 1035 4534 nitrcperet
1056 4471 1187 4519 Christian.
1246 4469 1277 4502 ¹⁸³
1296 4473 1397 4536 Peper-

151 4569 174 4604 τι
193 4558 220 4607 3.
234 4555 260 4603 ia
278 4571 358 4620 marp.
419 4555 525 4605 Nomen
543 4554 719 4605 Plefferlrorn
739 4555 872 4604 creticum
891 4554 962 4603 iecit
980 4569 1058 4618 quem
1078 4570 1131 4605 non
1150 4556 1252 4620 recipit
1270 4555 1397 4606 hexame-

151 4672 157 4689 .
229 4636 260 4669 ¹⁸⁹
279 4635 339 4704 illa]
359 4639 482 4689 Iudaica.
548 4636 580 4672 ¹⁷²
599 4640 715 4689 aedende
735 4641 795 4689 Μ.
861 4636 892 4670 ¹⁷⁵
911 4638 996 4689 uadite
1015 4642 1073 4689 Μ.
1145 4639 1176 4672 ¹¹⁷
1194 4639 1323 4691 laudabit
1340 4644 1396 4690 Μ.

156 4737 269 4774 caueam
290 4726 380 4774 3.4.7.
