3270 5354
193 396 320 435 ΙΙΗᾸΙΙ
332 398 370 435 Μ
383 398 476 435 mm
490 398 566 435 HEC·
575 398 641 435 Anu.
651 398 752 435 vunnu.
764 399 798 433 Π·
811 398 918 435 ΤῚΙΙΟΔΒ
931 397 1037 433 onusto
1051 396 1362 434 stsxtttlt..hvtt.1>1c'tt.
1389 366 1461 437 ¹77

159 554 260 613 soors
275 554 389 611 Μ
434 552 552 610 Rhodus
573 560 650 609 terra
672 555 797 625 marique
809 554 1046 623 periculosissima
1066 554 1203 609 obsidione
1223 572 1241 609 a
1266 554 1337 611 Tur·
1362 548 1462 635 flumen.
1474 556 1535 605 §.³2

160 640 205 697 eu
221 638 425 713 mebeten:
451 654 536 713 quam
562 637 678 694 cimbam
704 645 753 692 out
777 637 911 709 scapham
933 640 961 692 in
981 640 1117 693 auxilium
1139 640 1292 695 miseruut?
1319 640 1393 713 quod
1413 640 1468 696 nisi

162 724 358 797 risuum
379 726 480 781 melum
508 738 544 777 ae
569 725 676 779 cosilio
694 722 877 779 (tennensium
899 722 1014 794 defensa
1040 723 1155 794 suisset,
1183 725 1255 779 sicut
1275 724 1465 781 Constantino-

157 810 248 883 polim
269 810 301 866 in
320 808 482 865 Turcurum
499 814 659 880 potestatem
682 808 809 862 devenire
831 821 942 861 necesse
959 806 1075 878 suisset:
1104 808 1246 863 Venetiani
1256 811 1315 882 pri·
1358 802 1466 889 ffgffl‘l

151 900 242 951 lm
260 908 351 963 m,
376 900 478 967 posteo
499 892 745 963 Constantinopolis
762 892 890 962 potiundi
907 893 1077 962 cupidissimi
1097 893 1176 947 modo
1195 901 1362 951 commeatus
1383 901 1465 966 utque

164 994 251 1035 m
272 976 376 1035 eures
392 994 496 1051 mapna
515 978 605 1033 ctasse
621 976 844 1048 comportabant,
873 976 953 1031 structo
981 978 1135 1031 exercitum
1162 992 1260 1033 eorum
1287 993 1326 1033 eu
1346 980 1413 1035 Asia
1434 980 1464 1033 in

169 1060 323 1121 mm
339 1076 398 1135 per
414 1061 593 1135 Bosphorum
621 1061 856 1133 tansfretubant,
886 1060 955 1115 nihil
975 1062 1130 1116 omittebant
1151 1062 1226 1133 qnod
1245 1065 1351 1135 repiom
1370 1062 1465 1119 urbem

164 1146 300 1221 ’Μαι
315 1154 420 1221 posset,
440 1153 471 1203 ut
485 1147 621 1203 interdum
642 1148 689 1203 illu
708 1149 874 1218 potirentur.
920 1144 1164 1216 Constantinopolis
1183 1152 1260 1203 terra
1274 1150 1400 1221 marique
1414 1147 1464 1204 du·
1476 1153 1528 1204 tos

165 1234 280 1289 rhime
295 1234 457 1307 omnent
474 1238 563 1303 coeplo
586 1236 641 1295 sst,·
663 1231 854 1289 Constantinus
875 1231 1027 1301 imperator
1043 1245 1098 1301 per
1113 1232 1260 1287 clandesti-
1301 1226 1468 1313 fimf&

151 1328 223 1375 snos
243 1320 360 1375 mus
379 1316 591 1389 lachrymabites
612 1316 820 1389 deprecationes
842 1314 980 1386 profecto
1008 1316 1143 1369 Veneticcu
1164 1317 1262 1371 classis
1300 1312 1468 1389 taff&

165 1402 289 1459 nume
308 1416 371 1459 eum
394 1402 544 1459 obstem
562 1416 620 1473 per
640 1401 734 1469 deum,
761 1401 811 1473 qui
835 1400 926 1455 sedem
950 1399 1172 1471 patriarchalem
1201 1401 1256 1456 illie
1277 1406 1465 1469 constituerat,

160 1500 222 1559 pst·
243 1488 378 1561 sirum
398 1478 559 1559 dmparam,
586 1488 666 1541 cuius
693 1487 802 1541 nomini
826 1487 920 1541 ciuitas
940 1493 1101 1540 consecrato
1120 1483 1222 1556 suisset
1241 1492 1268 1541 et
1287 1487 1412 1555 conditu,
1438 1492 1469 1542 ut

166 1568 342 1645 lmpmtori
360 1570 490 1629 Romano
511 1578 538 1627 et
557 1574 642 1643 rspice
663 1571 791 1625 orientali
813 1571 1007 1630 misereretur,-
1032 1584 1070 1624 ee
1099 1576 1176 1625 tanto
1204 1571 1294 1626 classe
1314 1572 1385 1627 duas
1405 1577 1466 1626 tan-

165 1662 225 1713 tu
246 1670 334 1713 moos
352 1654 474 1713 subsidio
492 1658 614 1712 mitteret.
659 1655 698 1711 od
718 1656 779 1710 liceo
795 1654 951 1725 preelectus
980 1653 1120 1710 Veneticae
1142 1656 1297 1726 respondit,
1332 1648 1466 1731 inomao,

151 1756 228 1799 sm
245 1754 307 1797 osto
325 1742 412 1797 mors's
440 1740 603 1797 Venetorum
626 1742 716 1796 olisna
735 1739 899 1811 defendere:
922 1740 1042 1809 proinde
1060 1741 1086 1793 si
1106 1754 1137 1793 se
1156 1755 1191 1793 ac
1212 1740 1306 1795 urbem
1327 1742 1467 1810 dederent,

164 1840 234 1883 sun
258 1832 315 1881 tota
338 1826 431 1883 classe
454 1828 622 1882 munorum
646 1840 682 1881 oc
709 1825 872 1880 ohsidionem
901 1825 1070 1883 salmurum,-
1096 1838 1127 1878 se
1154 1827 1341 1880 commisereri
1366 1827 1468 1882 durum

166 1908 391 1969 mnsam
409 1919 519 1979 sortem,
540 1912 592 1967 sed
611 1911 647 1966 ab
666 1916 764 1966 senatu
787 1910 840 1963 tale
857 1908 1014 1963 metredatum
1037 1907 1148 1976 habere,
1171 1910 1245 1981 quod
1264 1926 1319 1966 non
1336 1914 1396 1967 sins
1416 1928 1465 1967 ca-

162 1996 233 2067 pttt't
246 1996 373 2067 periculo
395 1996 555 2069 wnspredi
573 1996 697 2051 auderet.
742 1993 857 2048 Interim
877 1994 1121 2065 Constantinopolis
1147 1996 1258 2067 capitur
1284 2003 1311 2050 et
1330 1997 1535 2064 crudelis-sm,

164 2080 237 2135 rhu
256 2078 413 2153 dirripsitur,
434 2082 462 2137 si
478 2097 601 2154 unquam
623 2082 718 2136 ciuitas
740 2080 865 2151 disrepta
883 2078 948 2151 suit,
973 2080 1010 2132 ita
1033 2086 1064 2133 ut
1082 2081 1197 2149 pumilus
1218 2096 1266 2134 co·
1292 2072 1468 2161 tfiffifflffi·

151 2162 282 2225 idalius
301 2172 328 2219 et
346 2164 493 2221 mulierum
520 2167 671 2221 eiulatuse
699 2164 801 2219 l'eneta
828 2164 917 2218 classe
942 2164 1152 2218 custodirentur.
1197 2166 1233 2219 m
1258 2164 1400 2221 l'enetiani
1417 2180 1469 2238 spe

160 2248 312 2321 ‚osnes
335 2248 414 2305 urbis
442 2252 544 2306 amum
570 2251 659 2322 spolia
688 2249 764 2304 urbis
792 2254 818 2302 et
842 2248 972 2320 pradum
994 2266 1011 2301 a
1036 2247 1136 2303 Turcis
1154 2255 1314 2305 coemerunt
1332 2258 1359 2305 et
1373 2252 1469 2322 plenis

164 2332 287 2391 nahts
313 2332 440 2391 temtus
463 2336 686 2407 remipruoerunt
713 2335 844 2403 reliquias
872 2334 983 2404 imperii
1002 2332 1124 2387 Romani
1151 2333 1279 2390 Venetiae
1305 2349 1399 2391 scetem
1419 2336 1466 2391 de-

160 2424 321 2491 patmus.
364 2416 455 2475 Nolite
475 2422 586 2487 mirari,
616 2419 771 2486 Venetiani,
797 2420 823 2472 si
841 2432 920 2471 nemo
942 2418 1015 2473 oobis
1036 2419 1172 2472 conuitium
1189 2420 1312 2490 prubel,
1332 2422 1397 2492 quia
1419 2434 1467 2477 oos

165 2502 308 2559 mltum
323 2502 455 2577 paoem
474 2505 595 2561 uoluistis
616 2505 732 2569 nemini,
755 2518 791 2557 uc
811 2505 912 2557 ciuitati
928 2503 1036 2575 quendem
1058 2505 1255 2559 sacratissimus
1274 2508 1375 2577 oirpini
1385 2506 1470 2560 matri

151 2578 319 2649 efflatis.-
346 2590 457 2645 mcids
482 2592 601 2645 omnium
628 2603 723 2644 rerum
751 2588 959 2642 uicissitudinem
987 2602 1062 2655 esse,
1095 2592 1268 2645 remansistis
1292 2606 1354 2645 curn
1383 2592 1467 2646 nullis

165 2672 281 2741 utcu,
304 2676 333 2729 st
354 2688 417 2729 cum
442 2690 536 2745 pauco
559 2676 697 2746 pecunia,
723 2686 835 2727 necesse
857 2678 897 2726 est
917 2687 964 2730 oos
986 2676 1058 2727 inter
1079 2672 1187 2744 ferales
1205 2676 1350 2747 enpustias
1369 2676 1468 2745 perire

163 2756 296 2813 onibus
313 2758 533 2829 tltspocteutibus,
555 2760 636 2814 eunti
653 2758 909 2827 Constantinopolim
931 2758 1005 2812 uobis
1024 2758 1237 2829 inspectantibus
1255 2762 1369 2815 interire
1384 2762 1469 2831 passi

161 2838 270 2913 [dulit.
309 2836 385 2909 'osu
406 2848 549 2915 proeoereu
573 2857 709 2914 proceres
738 2858 773 2896 oc
800 2844 921 2897 ciuitates
948 2841 1089 2909 Thracia,
1123 2842 1310 2911 Macedom'oe,
1340 2843 1535 2914 Crucium,

164 2922 296 2999 [bridio
318 2926 388 2999 fidoi
413 2926 564 2995 Veneticoe,
590 2944 626 2983 ae
643 2930 669 2982 si
688 2928 805 2983 dicerem
825 2927 953 2997 perfidiis
975 2926 1104 2993 Punicoe,
1130 2942 1160 2981 se
1185 2928 1374 2995 tradiderant,
1399 2944 1468 3002 quos

151 3024 266 3073 omes
285 3016 335 3067 sut
346 3013 594 3085 proedpitaremrnt
610 3019 659 3067 eut
677 3013 775 3068 Turcis
798 3012 986 3067 ocredidernnt.
1030 3011 1187 3066 clamabant
1207 3014 1247 3067 illi
1267 3014 1368 3080 miseri,
1385 3030 1466 3088 quom

168 3094 272 3153 swan
286 3094 463 3166 dederentur,
485 3096 537 3153 ‘Ah
560 3097 707 3164 Venetiaui,
726 3096 876 3155 Christiani
891 3098 1033 3169 sunpuinis
1046 3103 1230 3153 mercatores!
1250 3096 1287 3151 ah
1302 3097 1468 3155 Christianos

164 3180 309 3255 retr'pt'om
327 3180 483 3238 desmtores
503 3189 530 3238 et
543 3178 725 3253 proditorest'
745 3189 772 3237 et
790 3199 843 3253 quo
864 3196 1004 3249 sermone,
1032 3180 1128 3252 qetibrts
1145 3181 1247 3250 uerbis,
1271 3200 1287 3238 o
1310 3177 1466 3245 humarum.

164 3262 377 3339 mmor,
399 3268 606 3323 osanctissima
628 3275 715 3335 terra,
738 3282 784 3321 vos
802 3267 924 3337 deflebo?
943 3267 1012 3321 Noto
1030 3267 1147 3337 amplius
1166 3267 1234 3321 milii
1248 3270 1339 3324 credi:
1361 3285 1408 3325 res
1427 3278 1468 3325 est

164 3352 223 3407 tm
245 3350 394 3409 muhbuc
410 3352 608 3408 manda:
627 3352 756 3415 credatis,
770 3352 878 3406 Btondo
899 3351 1027 3407 historico
1049 3352 1083 3405 ab
1100 3352 1223 3407 omnibus
1242 3370 1294 3424 ap·
1334 3347 1465 3430 fssffl*

151 3434 302 3507 sprohnto:
321 3436 413 3491 Fumo
434 3442 496 3493 erat
511 3436 672 3493 Sotadinum
689 3438 883 3509 Aeppptiorum
903 3452 993 3509 rcpcm
1009 3436 1211 3509 iherosolymas
1235 3438 1358 3495 obsidere
1375 3440 1465 3514 (uum-
1475 3458 1534 3510 pso,

163 3536 252 3593 qm
270 3528 368 3577 nostro
388 3522 483 3594 reh'pio
504 3524 596 3577 eurus't
616 3522 822 3594 defensoribus,
844 3540 1010 3593 quatriduum
1032 3537 1109 3577 rcunc
1135 3524 1172 3576 itu
1187 3525 1334 3596 principes
1356 3525 1467 3581 delicati

162 3612 249 3673 mm,
271 3610 303 3663 ul
320 3606 348 3661 st
363 3606 403 3661 ad
417 3606 513 3663 lindtss
533 3609 612 3679 repni
631 3609 675 3662 sui
696 3609 818 3679 queremus
841 3609 936 3679 eripui
953 3622 1038 3679 usque
1053 3610 1241 3680 peremerint,
1264 3611 1466 3682 expeditionem

163 3702 196 3747 ss
217 3690 380 3747 uminum
401 3690 556 3765 confecisse
576 3691 774 3766 arbitrerttur).·
800 3692 840 3747 acl
863 3692 938 3747 hanc
956 3691 1064 3765 sarnam
1086 3694 1163 3747 mutti
1176 3708 1314 3764 proceres
1339 3694 1467 3753 Venetiae

235 3888 246 3923 ¹
262 3890 375 3943 Rhodus
392 3908 420 3943 ι.
434 3890 507 3945 loos.
519 3910 560 3961 sq.
580 3911 597 3946 s
614 3894 713 3945 TureIs
730 3900 898 3961 oppugnata,
920 3910 981 3945 eum
1000 3895 1098 3961 quibus
1116 3896 1228 3947 ineunte
1249 3896 1297 3948 illo
1317 3913 1391 3948 suno
1409 3898 1465 3948 Ve-

160 3976 225 4027 nst!
241 3990 342 4043 mm
358 3978 489 4029 inierunt.
508 3980 546 4030 ei.
559 3978 678 4031 Sabellio.
693 3980 753 4031 dee.
767 3980 813 4031 IV.
826 3978 874 4030 lib.
893 3980 913 4031 Ι.
984 3978 995 4011 ³
1013 3978 1180 4046 religiosor.]
1200 3981 1466 4045 Hierosolymitsuo·

164 4076 226 4113 m
255 4064 393 4129 equitnm,
423 4068 480 4113 tum
502 4062 592 4115 Rhodi
621 4064 799 4116 dominorum.
869 4063 1011 4116 ⁴‹le-uenit
1028 4071 1125 4131 posteo
1145 4064 1466 4121 a.152·2..1.xxterme

165 4160 256 4197 unos
278 4152 343 4213 post
359 4144 626 4215 Constantinopolin.
699 4150 711 4181 ⁷
734 4150 865 4200 Tuscium
884 4153 907 4199 1.
916 4152 941 4199 2.
972 4150 1142 4215 l'osphorum
1160 4154 1184 4200 2.
1254 4148 1268 4211 ⁰,
1291 4155 1374 4215 cepto
1393 4154 1416 4201 t.
1441 4152 1466 4203 d.

164 4228 310 4297 Mlius.
325 4229 399 4285 1453.
436 4232 646 4301 Constantinus]
672 4234 856 4299 Palaeologus.
927 4233 1126 4285 clandestinos
1145 4237 1168 4283 1.
1178 4237 1204 4283 2.
1275 4232 1298 4265 ¹⁰
1320 4233 1465 4301 proeiecto]

165 4314 271 4367 lueoho
288 4316 458 4369 turonus.
488 4318 556 4369 Rem
574 4319 656 4385 longe
676 4320 758 4369 aliter
776 4335 890 4369 narrare
908 4319 1042 4371 Sultellie.
1057 4320 1116 4369 elce.
1131 4319 1182 4369 111.
1195 4317 1244 4369 lib.
1258 4320 1284 4371 7.
1297 4320 1394 4370 mirum
1412 4337 1467 4371 non

167 4404 227 4453 sst:
246 4400 374 4454 Gothicus
392 4408 488 4454 orstor
504 4408 548 4454 ost
559 4404 710 4467 Helinnus,
729 4404 852 4455 Venetus
871 4404 1108 4471 historiographus
1126 4404 1291 4455 Sabellicus.
1345 4404 1364 4438 ¹¹
1385 4422 1465 4459 esnu.

165 4482 353 4553 tannim
364 4486 456 4539 XXII.
511 4486 533 4521 ¹⁸
551 4488 713 4540 desunt.
778 4488 800 4521 ¹⁸
818 4492 927 4540 Tracta
948 4493 1003 4539 nt.
1057 4488 1079 4521 ³⁸
1096 4488 1276 4540 Ilicrosolime
1297 4495 1352 4540 nt.
1371 4499 1465 4543 utsus-

163 4574 232 4635 μω.
295 4568 320 4603 ⁸⁸
336 4570 478 4637 hystorico
496 4576 521 4623 t.
540 4574 656 4625 Flavius
674 4574 809 4637 Blouilus,
830 4573 1031 4625 Formiciensis
1050 4574 1186 4631 Venetus,
1204 4574 1382 4640 pontificibus
1401 4593 1464 4628 con·

165 4654 292 4721 pluribus
310 4656 347 4705 sb
366 4656 506 4723 epistulis,
525 4658 598 4709 inter
616 4659 687 4710 alios
705 4659 792 4711 libros
810 4661 923 4724 scripsit
942 4661 982 4708 lle
1002 4660 1108 4725 origine
1128 4675 1161 4710 nc
1179 4660 1267 4725 gestis
1286 4660 1465 4715 Venetorum.

166 4746 224 4791 nst.
238 4754 265 4791 ι.
281 4740 517 4803 tooe.†·.14os.

226 4826 360 4879 Herum
375 4826 444 4879 Ore.
458 4843 521 4881 roi..
536 4828 589 4881 111.
1206 4829 1244 4892 12
