3270 5354
117 404 241 465 upum
254 404 292 441 ῦΙ
305 404 397 441 uiuo
410 404 717 441 svoo.nov.vnttttr.1s'r
730 405 836 440 TVRCAS
851 404 954 440 onusto
968 402 1278 439 nnxtutn.ttv(t.1tlc'tn.
1315 371 1388 449 179

83 568 169 631 snt,
193 578 251 618 non
273 567 365 617 tamen
390 562 459 617 dens
476 567 561 615 lanice
576 560 743 631 proditionis
763 560 837 614 ultor
856 557 1033 614 oblitterabit:
1062 561 1177 632 sanpuis
1199 564 1305 618 illorum
1328 564 1386 618 clo-

86 652 149 705 nttl
166 659 258 721 uper
275 660 325 703 oos
343 653 371 703 el
390 660 477 719 super
493 646 566 717 filios
587 650 691 701 nestros
713 650 776 699 ante
798 646 892 716 rnupni
916 643 961 698 dei
984 643 1113 701 tribunal.
1157 661 1218 715 ros,
1242 662 1304 715 oos,
1333 663 1389 704 non

89 730 210 801 Turre,
229 730 309 787 itinn
325 744 456 787 cruorem
476 728 629 802 effudistis:
650 734 755 800 tempus
772 730 825 783 erit
840 745 893 801 quo
913 742 961 784 oos
983 730 1092 785 illorum
1112 731 1203 786 cades
1224 728 1316 804 (atque
1337 734 1391 787 uti-

88 832 159 873 nm
176 830 235 873 non
251 830 316 873 estro
334 816 435 875 restris
465 812 594 887 Venetiis)
623 820 711 869 oestro
737 814 871 884 sanquine
896 813 1061 883 rependetis.
1106 832 1171 875 riam
1199 817 1266 887 quid
1288 831 1337 889 epo
1362 818 1392 871 in

53 904 68 945 ⁵
88 904 168 957 tanto
184 898 319 973 tacirtore
338 900 499 973 deplorem?
521 900 583 972 quis
603 913 659 953 uon
678 900 753 953 omia
771 899 846 965 adio,
869 899 943 951 omni
957 914 1060 969 paena,
1082 902 1158 954 omni
1177 902 1312 973 supplicio
1331 890 1391 957 nel

89 990 169 1043 nnat
186 984 284 1059 &not
294 988 430 1057 putaret?
455 983 510 1039 Hic
530 999 586 1038 non
608 997 651 1037 me
672 984 738 1037 rudi
754 989 802 1037 aut
820 984 939 1053 simplici
956 990 1108 1039 narratore
1134 999 1206 1055 opus
1231 992 1316 1053 esset,
1343 985 1394 1041 sed

89 1068 164 1143 sorti
174 1068 366 1143 atiqno'ntqne
381 1068 532 1127 uehementi
546 1074 659 1123 oratore
674 1075 723 1123 ant
736 1070 798 1121 acri
806 1067 996 1137 praedicatore
1011 1082 1049 1122 ea·
1068 1067 1112 1123 bis
1133 1070 1182 1140 qui
1196 1070 1277 1140 pleni
1291 1071 1391 1142 spiritu

91 1158 191 1211 meto
210 1152 251 1209 nd
268 1156 407 1229 populum
428 1154 589 1210 concionari
607 1153 708 1207 solent.-
735 1158 856 1223 quantas
882 1150 1059 1224 larbrymas,
1093 1161 1225 1225 quantam
1251 1155 1459 1221 intimamus.

92 1244 218 1315 promtu
234 1238 435 1311 indipnaiiones
459 1240 595 1295 eacimret
616 1236 762 1309 superbia,
786 1238 924 1307 potentia,
953 1238 1143 1308 corruptelloe,
1173 1231 1393 1316 lm*

58 1322 194 1397 fistule,
217 1324 344 1397 ropinoe,
372 1325 579 1395 oppressiones,
610 1324 773 1392 sacrileyia,
801 1321 987 1393 proditiones,
1014 1323 1209 1393 immanitates,
1242 1327 1393 1397 impietates

100 1406 283 1477 ram,
300 1408 351 1483 qui
369 1409 425 1463 iam
447 1410 485 1463 ito
502 1407 680 1462 indomabiles
697 1407 770 1477 facti
787 1412 865 1473 sunt,
884 1411 914 1460 ut
932 1423 995 1461 cnm
1019 1412 1149 1478 quattuor
1171 1408 1393 1466 Christianorum

86 1494 287 1565 potentibus
301 1491 477 1565 principibus
491 1493 526 1547 de
545 1507 653 1547 summa
674 1505 769 1546 rerum
790 1490 935 1546 decertare
952 1492 1081 1558 audeant,
1104 1499 1130 1547 et
1149 1501 1185 1547 ne
1205 1495 1267 1549 uicti
1283 1484 1393 1566 quidem

91 1580 238 1651 moero
252 1578 378 1651 possint,
404 1577 454 1651 qui
474 1577 640 1648 expilando,
664 1575 857 1643 subornando,
886 1576 1061 1632 corradendo
1081 1594 1211 1649 mapnum
1232 1593 1271 1633 ex
1291 1580 1392 1633 m'cino·

93 1678 161 1719 m
181 1662 296 1719 urbibus
315 1662 461 1733 imperium
482 1662 534 1716 sibi
557 1662 728 1732 conflavero.-
754 1662 803 1732 qui
828 1674 907 1714 oniric
928 1676 1046 1728 aurum,
1077 1669 1235 1734 arpentum,
1259 1676 1392 1735 pemmas,

60 1752 182 1815 struto,
202 1748 300 1821 n'pna,
322 1746 444 1814 tabulas,
464 1746 580 1819 deniqne
600 1745 730 1817 quicquid
742 1744 867 1816 pulcbri,
889 1746 1019 1816 quicquid
1031 1748 1157 1816 preciosi
1176 1749 1204 1802 in
1225 1752 1278 1803 toto
1300 1752 1393 1801 terra-

92 1848 160 1889 τη
186 1832 255 1889 orbe
280 1832 404 1903 reperiri
422 1835 527 1903 potnit,
556 1831 685 1885 idiotam
711 1832 790 1884 malis
815 1829 927 1884 artibus·
951 1829 1077 1885 Venetias
1103 1828 1347 1903 comportaverunt
1367 1838 1394 1887 et

92 1924 310 1989 remanent,-
327 1918 378 1989 qni
396 1930 475 1971 mare
497 1932 533 1971 ac
551 1924 644 1971 terras
665 1916 891 1981 intercludentes,
921 1922 1090 1970 mercatores
1112 1931 1175 1971 cura
1196 1916 1332 1972 mercibus
1349 1917 1394 1970 in·

93 2000 286 2075 tercipientes,
313 2000 471 2057 nararcbos
500 2017 562 2058 curn
591 2000 705 2055 travibus
730 2000 930 2072 demerpentes,
963 2001 1138 2068 ocrienando,
1170 2001 1313 2068 necanda,
1340 2014 1392 2057 esc-

93 2084 251 2161 cmciondo
281 2087 374 2141 omnia
404 2101 521 2152 cruore,
555 2087 647 2141 omnia
675 2084 826 2156 tacbrpmis
857 2091 882 2139 et
911 2085 1059 2155 funeribus
1085 2087 1271 2158 compleuere·
1302 2087 1393 2141 omnia

57 2168 211 2245 ”pabebit
235 2176 264 2227 et
284 2170 374 2227 dacir's
396 2177 422 2226 et
438 2172 573 2242 portoriis
590 2171 738 2241 tyrannica
756 2171 885 2224 servitute
903 2167 1062 2240 sociavere:
1084 2179 1278 2227 sacrosanctos
1296 2185 1393 2226 sacer-

93 2254 173 2313 dotes
209 2255 376 2327 minuendo,
411 2255 481 2311 bona
513 2256 635 2310 ecclesia
670 2262 833 2308 consecrata
856 2253 1081 2324 prophananda,
1117 2271 1253 2312 summum
1283 2255 1392 2328 pontifi·

92 2354 157 2397 cen
173 2339 370 2397 cummuni
387 2354 444 2411 per
465 2340 581 2395 vulnera
603 2346 699 2393 nostra
718 2345 744 2393 et
755 2353 812 2409 per
833 2339 973 2393 carnmadn
993 2353 1088 2395 eorum
1104 2343 1227 2414 propria
1249 2354 1304 2395 sua
1326 2340 1388 2407 ¹reii-

91 2426 203 2498 pionsn
230 2422 416 2483 Gbnstinnnm
442 2425 483 2478 ad
504 2424 558 2478 bas
585 2425 704 2494 niurias
722 2424 847 2495 Europa
872 2426 1014 2495 aripustias
1040 2441 1076 2480 ac
1100 2426 1220 2482 latebras
1246 2425 1393 2481 deductam

88 2523 169 2583 pene
187 2508 394 2576 mutarunt,
416 2516 446 2565 ut
464 2525 528 2564 cum
549 2508 706 2564 Turcarum
722 2507 797 2578 Iicpe
818 2510 897 2563 tacite
916 2512 1093 2580 conspirasse
1113 2516 1139 2565 et
1157 2512 1256 2581 partiti
1273 2524 1334 2567 esse
1354 2509 1391 2565 oi·

58 2594 237 2660 ndennw,
264 2600 295 2649 ut
310 2594 411 2650 scitica
433 2595 477 2649 ille
496 2595 636 2660 orientali,
665 2595 719 2665 ipsi
739 2594 901 2648 accidentali
920 2595 1037 2664 imperii
1058 2598 1178 2653 contmti
1197 2598 1267 2657 sint,-
1291 2593 1395 2650 inimici

93 2678 255 2745 muln,
282 2684 482 2751 cmtlmnptores
497 2681 676 2751 principum,
697 2678 868 2749 dirreptores
885 2694 920 2733 ac
941 2680 1107 2735 incendiarii
1127 2681 1242 2755 urbium,
1261 2680 1392 2752 spoliato-

93 2778 145 2821 res
157 2764 389 2837 prooinciarum,
412 2761 503 2820 bostes
523 2778 686 2831 sacrorum,
705 2763 911 2834 depeculatares
934 2765 1093 2834 reipublicae
1111 2765 1292 2834 Cbristiarue,
1318 2764 1393 2820 tabes

92 2854 122 2905 et
138 2848 281 2921 pernicies
298 2846 414 2903 burnani
425 2850 544 2921 pencris.
582 2846 690 2903 Siccine
706 2848 837 2915 dormitis,
855 2865 874 2914 ¹o
891 2848 1038 2904 Germani!
1058 2857 1201 2922 expectate
1215 2854 1460 2923 parumper:t.⁴³·

93 2948 168 2995 nari,
183 2932 250 2989 dun
271 2948 319 2989 ror
338 2934 578 2989 consnbatiouibus
595 2936 713 3001 vacatis,
734 2934 773 2987 ilii
793 2936 935 2988 nocturnis
955 2936 1039 2989 scalis
1065 2934 1202 2991 Veronam
1225 2934 1391 3007 apprediun·

57 3024 156 3077 ntur.
206 3016 261 3074 Vos
281 3020 371 3074 armis
389 3018 484 3091 inclyti
500 3033 549 3073 eos
567 3019 737 3089 mitoniirrias·
751 3024 851 3073 contra
873 3034 976 3073 morem
995 3021 1129 3075 maiorum
1150 3026 1302 3076 vestrorum
1324 3018 1386 3073 lole-

92 3104 182 3173 ratis,
204 3118 276 3177 qnos
297 3105 347 3161 rix
370 3105 463 3175 ianam
480 3119 515 3159 ac
537 3104 711 3169 umbratiles,
737 3105 785 3158 oris
798 3104 993 3177 'rnulierculcm
1017 3104 1123 3159 mediiis
1143 3105 1241 3175 fidius,
1271 3104 1392 3159 tolerare

87 3194 216 3261 possem.
233 3236 239 3247 .
258 3186 295 3245 ab
323 3188 350 3243 si
375 3204 450 3244 nnnc
475 3190 594 3245 moerent
617 3190 656 3243 ilii
677 3187 778 3243 Cimbri
801 3203 836 3241 ac
862 3187 1012 3243 Tbentones
1033 3190 1082 3260 qui
1109 3205 1171 3244 cum
1193 3189 1223 3247 0.
1241 3185 1335 3243 Mario
1356 3186 1391 3241 de

91 3273 212 3347 inperio
232 3272 309 3329 orbis
329 3272 541 3339 dimicaverunt,
574 3278 600 3327 et
626 3273 667 3327 ilii
689 3275 738 3345 qui
765 3289 827 3327 cum
856 3273 883 3328 C.
909 3272 979 3327 lutto
1003 3273 1127 3341 Cessare,
1158 3264 1391 3350 mmmm

96 3356 233 3427 Traiano,
255 3358 539 3431 dnlonino,l?u1oia,
562 3357 678 3426 Severo,
702 3358 856 3415 Constantio
874 3364 900 3411 et
920 3373 980 3412 cnm
1002 3359 1064 3413 aliis
1084 3359 1215 3430 pluribus
1241 3360 1390 3428 imperato·

56 3438 178 3499 toribus
200 3447 239 3499 tol
261 3432 332 3499 beta
354 3448 516 3515 pasmnnt,
548 3447 574 3497 et
595 3430 645 3514 qni
671 3442 826 3509 Quintilium
856 3442 959 3497 Varum
982 3442 1138 3498 Rornortum
1163 3444 1302 3498 consulem
1328 3456 1391 3496 cum

92 3526 300 3601 tottepmnibue
318 3526 528 3583 trucidaverunt
534 3543 542 3594 ;
566 3533 591 3581 ct
607 3528 646 3581 illi
660 3530 708 3599 qui
722 3528 898 3581 Britanniam
918 3528 1071 3599 ‘Ampliamss
1089 3535 1202 3599 partem
1217 3526 1274 3581 Hi·
1297 3521 1390 3601 {tntu

91 3614 206 3687 φακὴ
228 3609 456 3679 ‘Vandaliciam',
480 3618 592 3683 partem
612 3611 704 3667 Italia
727 3611 965 3683 ‘Lonpobarcliam'
994 3630 1011 3666 a
1036 3628 1066 3667 se
1093 3614 1204 3669 deuictis
1251 3604 1389 3693 [ἕπῃ

89 3696 219 3771 pentibus
239 3696 274 3753 de
297 3698 356 3753 sun
374 3697 526 3753 nonriuibus
545 3705 757 3769 nuncupavere!
790 3696 841 3751 llbi
865 3712 939 3752 aiau
960 3704 1027 3753 sunt
1051 3698 1092 3752 itli
1112 3698 1227 3770 Usipites
1253 3704 1279 3753 et
1298 3699 1458 3754 Tuan-tm

93 3782 180 3849 cieri,
202 3781 244 3837 illi
261 3780 358 3850 Suari,
377 3782 419 3837 illi
439 3781 583 3848 Saxones,
611 3788 638 3837 et
658 3781 871 3850 Marcomanni,
901 3780 1005 3850 (luridi,
1039 3783 1122 3849 Catii,
1152 3782 1302 3851 Sicambri,
1329 3782 1388 3838 He-

57 3866 168 3934 tsrnli,
201 3864 334 3932 Vandali,
361 3868 434 3935 Goti,
461 3883 579 3938 quorum
602 3867 698 3921 mititrs
720 3866 784 3921 boni
799 3868 882 3921 diices
904 3875 986 3922 erant
1006 3873 1032 3921 et
1052 3868 1136 3923 duces
1154 3869 1209 3939 ipsi
1230 3869 1323 3938 mapni
1340 3867 1388 3923 be-

92 3954 178 4007 roes?
205 3956 232 4007 et
259 3951 299 4006 illi
317 3953 366 4023 qui
391 3968 455 4008 cnm
481 3950 627 4016 bituricis,
660 3950 812 4018 ottonibus,
841 3952 988 4020 Carradis,
1014 3953 1156 4007 Federicis
1178 3952 1391 4023 imperatoribus

93 4036 154 4091 stris
175 4036 377 4092 rmamstnnu
397 4034 651 4109 Iberosolpmorum
676 4042 781 4090 terrum
806 4052 921 4091 sitorum
944 4052 1093 4108 carporum
1120 4039 1288 4109 oppositione
1315 4026 1391 4091 toties

92 4118 293 4193 defensarunt,
315 4137 433 4194 quorum
453 4122 579 4193 trapboea
596 4119 781 4177 memorabilia
803 4121 894 4176 adbuc
914 4123 1038 4192 pendere
1055 4125 1228 4177 cernuntur?
1265 4119 1319 4176 Vos
1340 4121 1389 4192 ipi-

94 4212 156 4273 tur,
183 4206 234 4281 qui
252 4206 318 4261 estr'r
338 4220 433 4262 eorum
454 4206 601 4262 indubitati
624 4208 687 4276 titii,
715 4206 860 4262 indubitati
883 4221 1058 4261 successores
1082 4208 1205 4274 m'rlutis,
1232 4205 1345 4261 honoris
1366 4210 1393 4258 et

58 4292 206 4363 espissia,
232 4290 317 4345 utitis
337 4294 417 4347 etiam
439 4306 499 4349 esse
521 4294 580 4347 reri
596 4294 744 4346 imitatores
767 4294 793 4346 iu
816 4291 982 4347 exercendis
1003 4292 1055 4345 titis
1078 4290 1263 4353 hareditariis
1284 4290 1389 4347 uirtuti-

93 4375 161 4443 bns,
178 4390 252 4449 quas
271 4376 331 4433 scio
348 4378 378 4431 in
396 4377 469 4433 robis
487 4391 649 4450 essequam
668 4378 808 4432 uincimus
827 4384 853 4432 et
873 4393 957 4448 qrrom
973 4378 1120 4447 plurimas.

162 4524 193 4561 ¹¹⁸
210 4524 257 4579 Cf.
268 4524 370 4577 naith.
384 4540 485 4591 evang.
496 4514 581 4576 XXV.
594 4526 637 4575 27.
689 4525 700 4556 ⁹
719 4523 882 4589 corruptelae
896 4528 921 4574 2.
969 4523 988 4557 ¹¹
1009 4520 1146 4589 quattuor]
1160 4523 1307 4574 Oumcrsci
1325 4536 1390 4573 con·

94 4610 252 4664 induentis.
310 4608 332 4643 ¹¹
350 4606 410 4677 pist:
424 4614 448 4661 t.
467 4616 590 4677 possunt.
604 4614 629 4659 2.
690 4608 712 4640 ²⁰
730 4612 772 4659 lta
791 4611 843 4658 hoc
862 4609 1008 4658 Benedicti
1027 4610 1172 4674 Peregrini
1189 4613 1390 4674 stratagemate

93 4696 199 4747 imolen
220 4693 712 4761 temptatonon.bpr.n.1510.vide
727 4696 820 4745 Bemb.
835 4695 883 4743 lib.
898 4692 936 4744 10.
984 4690 1213 4747 “Antonione
1260 4691 1312 4727 ⁸⁸³⁹
1330 4699 1390 4744 ton·

93 4782 216 4835 ehnteri:
236 4784 261 4831 t.
313 4778 404 4831 ouras
422 4782 446 4831 1.
1118 4846 1181 4909 ¹².
