3270 5354
169 367 242 440 396
347 397 470 433 ΗΠΤΙΙῙ
484 396 513 430 lrt
527 395 724 430 BXCEPTIOXEH
736 393 922 429 ttouvrtulrtatt
934 393 1056 428 ALBBR'H
1070 393 1276 431 Panaenum

370 553 476 613 Laetari
498 552 616 618 doceat,
642 548 756 628 quaieS,
780 567 848 609 cum
870 547 972 609 sedula
992 554 1087 608 mater
1362 547 1437 636 {Q

310 667 359 708 raso
374 652 441 715 bles
463 653 524 714 abit
546 660 662 732 pastum
686 653 744 711 iam
766 652 864 728 primo
887 651 1018 717 oriente,
1042 649 1181 729 reditque

371 757 458 826 Sera,
483 756 582 816 lerens
604 753 692 832 pleno
716 754 832 813 miseris
854 751 997 812 solamina
1018 758 1136 820 rostro,

372 857 491 935 impasti
515 854 636 918 exiliunt
658 853 729 933 pulli
751 861 950 933 quassantque
973 851 1155 932 frequenteia

371 959 532 1020 Adversum
555 959 660 1037 pennis
683 957 814 1018 nondum
839 955 1002 1016 velantibus
1025 954 1100 1025 alas,

370 1060 528 1140 blutuaque
550 1061 626 1120 inter
648 1077 680 1120 se
702 1058 758 1119 laeti
781 1060 941 1119 certamina
963 1063 1085 1118 sumunt

311 1174 360 1214 ¹¹⁵³
372 1164 428 1236 Qui
451 1164 563 1240 primos
585 1163 661 1222 ferat
683 1178 735 1220 ore
758 1160 858 1228 cibos,
883 1168 911 1222 et
934 1159 1008 1220 colla
1029 1149 1190 1237 ‘subaptant

372 1266 473 1326 llatris
495 1267 526 1325 in
550 1282 722 1324 occursum:
746 1280 797 1321 vos
820 1262 897 1323 baud
921 1268 1098 1323 accusante
1121 1263 1255 1340 cupitum

373 1368 466 1447 (Venit
488 1366 577 1446 eninr)
600 1373 713 1443 captate
736 1365 858 1434 ducem,
882 1364 983 1425 solatia
1005 1365 1110 1424 restris
1152 1389 1155 1396 ¹

371 1471 500 1548 Arripite
523 1467 635 1546 impleti
658 1468 751 1535 curis,
776 1467 916 1527 arcessito
939 1465 1061 1544 dignum

371 1572 434 1632 lloc
457 1569 610 1650 desyderio
633 1587 750 1629 munus.
794 1567 839 1627 Tu
863 1576 892 1628 te
914 1567 1018 1629 obvius
1040 1575 1107 1646 apta

307 1694 357 1734 rico
371 1674 568 1751 Fortunisque
590 1672 648 1733 tuis
670 1670 804 1748 indulge,
829 1671 947 1730 occasio
969 1687 1116 1747 praesens,

370 1777 414 1838 Nc
435 1777 498 1835 sino
521 1772 624 1842 dilabi,
648 1779 797 1833 versatur:
821 1789 872 1841 an,
898 1774 1008 1850 optimo
1030 1773 1187 1851 princeps,

371 1877 414 1939 Ne
437 1879 560 1937 timeare
583 1877 669 1936 times
692 1883 721 1935 et
742 1892 802 1934 non
826 1876 869 1934 uis
893 1892 957 1935 csse
980 1872 1140 1935 molestus?

370 1982 406 2041 At
427 1978 529 2049 nobis,
552 1978 656 2038 uisite
680 1979 747 2046 das,
771 1975 817 2037 illa
842 1975 975 2037 molestia
996 1977 1101 2052 surgit.

370 2080 445 2154 Quid
469 2079 556 2140 velles
579 2081 720 2139 mansisse
743 2078 838 2148 domi,
863 2079 992 2139 tcuuuse
1015 2079 1158 2156 quietem,

309 2201 359 2243 aros
373 2182 552 2243 'lraduxisso
575 2200 667 2241 annos
689 2183 754 2240 ritae
777 2180 927 2259 Musisque
948 2179 1078 2258 tibique?

371 2284 436 2346 Non
459 2284 523 2344 lraec
546 2283 673 2344 conditio
697 2290 741 2343 est
762 2300 817 2361 pro
840 2289 884 2350 te,
907 2289 1017 2360 tuaque
1039 2280 1131 2342 altera
1154 2300 1221 2344 sora
1243 2289 1301 2344 eat:

370 2386 520 2446 Hactenus
543 2384 688 2445 indulturn
712 2383 802 2445 blusis
825 2384 999 2463 placidoque
1022 2381 1118 2443 labori

371 2487 508 2548 Privatim
533 2487 618 2547 luerit
642 2493 818 2564 tempusque
842 2486 1003 2546 extraxerit
1024 2484 1096 2546 illud

371 2589 460 2649 Docta
483 2590 567 2667 quies
589 2587 692 2655 nobis;
716 2596 846 2649 nuncto
868 2589 903 2648 ad
927 2589 1038 2648 maiora
1062 2588 1161 2647 vocari
1214 2646 1217 2651 ,

311 2710 359 2752 uro
372 2691 440 2751 Fata
463 2689 565 2752 iubent
586 2689 786 2768 splendorque
808 2699 876 2750 tuus
897 2692 955 2750 iam
978 2689 1113 2767 cognitus
1134 2697 1204 2753 anto

370 2792 464 2864 Quam
487 2794 565 2854 visus
587 2800 732 2871 notusque
755 2793 849 2861 loros,
874 2791 921 2852 illa
945 2790 1010 2852 aula
1033 2791 1160 2854 docebat

369 2896 475 2957 Infanti
497 2902 609 2973 reptata
633 2893 699 2961 tibi,
724 2893 899 2955 documenta
922 2894 1014 2954 luturi
1343 2885 1432 2975 lm

370 2999 453 3059 Tunc
477 3015 595 3076 quoque
618 3014 722 3073 niagna
746 2996 853 3065 dabas,
877 3005 926 3058 tua
949 2995 1035 3075 plane
1058 2997 1182 3059 infantia
1204 3003 1294 3059 tanta

372 3099 493 3161 Virtutis
516 3114 648 3177 praesaga
672 3099 744 3165 luit;
767 3101 863 3178 prima
887 3100 979 3158 extitit
1001 3106 1071 3158 aetas

311 3220 360 3262 tna
375 3202 500 3271 liuticio,
523 3220 591 3261 narn
614 3219 682 3260 curn
704 3201 803 3280 spacio
826 3201 937 3261 Lucina
960 3206 1081 3278 peracto

371 3304 543 3381 Depositura
566 3303 643 3363 loret
665 3305 773 3363 maturi
797 3302 928 3380 pondera
951 3303 1076 3370 uentris,

368 3407 519 3483 Excepere
542 3406 604 3466 dcau
627 3423 753 3483 puerum
776 3405 977 3484 Nymphaeque
999 3404 1172 3482 frequentes

370 3507 521 3569 Collusero
543 3506 595 3567 tibi
618 3516 647 3568 et
669 3525 741 3585 quas
764 3508 931 3584 imposuero
954 3523 1079 3566 coronas

369 3609 537 3670 Pontillcale
560 3610 651 3670 (locus
673 3611 786 3669 iussere
808 3608 1136 3686 apicemque‘luturum

311 3732 358 3771 nm
368 3712 507 3789 signare,
532 3718 561 3772 et
583 3730 648 3791 quaa
671 3711 728 3771 lata
751 3710 862 3779 iurent,
887 3717 954 3769 uota
978 3728 1042 3771 esse
1059 3709 1214 3772 iubebant.

369 3814 514 3873 Continuo
536 3814 641 3873 studiis
663 3820 693 3872 tn
718 3819 745 3872 te
768 3813 925 3872 cornurittis
946 3818 974 3872 et
995 3819 1074 3872 artes
1366 3811 1464 3888 mit..

368 3915 477 3975 'lendis
500 3916 535 3975 ad
558 3917 714 3992 ingenuas,
739 3932 795 3973 nec
817 3913 1060 3975 conversantibus
1082 3931 1207 3992 usquam

343 4017 500 4089 ⁸bloribus
523 4017 633 4078 ollendi
655 4018 739 4083 sinis;
763 4022 791 4076 et
814 4033 881 4075 curn
906 4017 1033 4094 priunum
1056 4022 1121 4077 erat
1141 4024 1228 4087 aetas,

369 4120 462 4180 Ornne
486 4119 656 4198 inquirebas
678 4118 780 4197 scripti
803 4134 911 4193 genus,
935 4117 1013 4177 illius
1035 4135 1108 4197 ergo

307 4237 355 4279 rna
371 4223 475 4281 ticcisti
499 4222 600 4281 doctos
623 4220 767 4281 submissa
791 4219 888 4279 ironto
911 4221 1082 4296 tnagistroS,

194 4375 366 4382 -—.

235 4473 277 4507 ¹¹⁵⁰
295 4475 433 4525 desiderio
453 4478 510 4526 ut.
581 4473 624 4506 ¹¹⁷²
642 4476 753 4524 Patrem
771 4475 899 4525 Albertua
918 4493 943 4525 a.
959 4473 1033 4526 llud,
1047 4475 1193 4537 omiserat,
1212 4482 1327 4528 matrem
1345 4479 1361 4526 4
1379 4477 1453 4527 annia

165 4563 239 4623 pout,
259 4560 338 4609 bonis
356 4560 459 4609 littorio
477 4576 544 4625 puer
563 4560 688 4610 clericali
707 4559 795 4610 ordini
814 4560 970 4610 destinatus
989 4561 1112 4612 studioso
1131 4560 1258 4611 incubuit
1275 4561 1409 4626 fratrique
1426 4565 1453 4609 iu

165 4642 311 4693 academia
324 4644 458 4695 Viadriua
476 4645 647 4695 instituenda
665 4646 737 4695 omni
751 4645 867 4696 oonsilio
881 4646 979 4696 adluit.
1028 4644 1071 4678 ¹¹⁷⁷
1088 4646 1242 4712 Excoepera
1256 4648 1313 4695 r.2.
1360 4643 1402 4678 ¹¹⁸⁰
1418 4643 1452 4694 cf.

165 4741 191 4775 v.
204 4725 262 4776 dou.
