3270 5354
350 370 497 407 “uldrici
511 370 605 406 BERV!
618 368 785 405 vnusmvrr
799 368 992 405 raumrurcve
1005 368 1025 403 1.
1039 367 1264 403 GHRTHHACON.

529 1153 669 1212 ,Mases
688 1154 855 1214 ANTONII
874 1152 1082 1211 SABELLICI

390 1270 521 1323 RERVM
542 1270 781 1323 VENETABVM
796 1269 1064 1323 PANEGI'RICVS
1081 1266 1226 1320 PRIMVS

766 1370 847 1421 oron
879 1387 882 1394 ·

654 1458 968 1521 GENETHLIAOON

706 1572 909 1616 susurrarret.

1036 1438 1043 1467 l

368 1699 434 1769 Quis
454 1704 586 1773 superum
608 1699 676 1756 milti
687 1691 802 1773 'plectra
823 1701 911 1770 dubit,
934 1701 996 1774 quia
1015 1707 1091 1756 certa
1113 1684 1223 1773 ropouli

369 1785 435 1840 Otia
450 1786 557 1858 pendet
572 1789 623 1842 iter
646 1786 826 1860 cirrtoeaque
847 1789 875 1843 in
895 1782 979 1842 astra
1000 1790 1141 1858 receptum

367 1869 491 1927 Instruet
508 1872 594 1928 Aoede
616 1877 719 1927 contu?
739 1873 809 1928 videt
830 1873 919 1928 Adria
938 1879 1027 1926 mater

367 1956 491 2012 Pulchra
508 1957 592 2025 dem,
604 1958 681 2029 ¹stau
696 1975 758 2029 quo
772 1957 897 2031 Tybridis
917 1958 1017 2012 emula
1036 1943 1144 2013 taudem

343 2041 459 2099 eAtlait
478 2045 613 2114 requerere
629 2049 784 2099 nascentem
802 2043 929 2115 flactibus
948 2042 1058 2110 urtem,

372 2127 471 2185 Urbem
492 2133 631 2183 terrarum
653 2130 767 2200 imperio
783 2129 929 2201 pelopique
940 2134 1092 2201 potentem,

368 2211 457 2280 Quom
476 2215 579 2285 premio
599 2215 745 2285 complexa
764 2212 853 2286 fovet.-
874 2230 929 2270 non
948 2212 1073 2270 Ptoetue·
1088 2218 1114 2269 et
1133 2211 1231 2280 Erras,

368 2297 431 2366 Noa
450 2298 518 2353 milri
535 2297 686 2372 Pegasides
706 2299 829 2355 dederim
849 2301 878 2354 in
900 2301 1026 2355 carmina
1045 2300 1117 2356 vires

169 2499 251 2550 Recte
271 2497 381 2565 quidem
400 2499 504 2548 monuit
516 2496 661 2550 (lochlcens
679 2497 745 2563 (vol.
760 2500 781 2550 1.
795 2517 821 2567 p.
836 2497 905 2563 126.)
924 2499 1003 2564 „eius
1022 2494 1159 2564 [Hutteni]
1171 2497 1292 2549 Marcum
1316 2496 1386 2564 [cum
1405 2499 1451 2550 he·

169 2584 241 2635 roico
260 2583 294 2634 de
313 2583 456 2649 piscatura
473 2582 651 2650 Venetorum]
669 2588 735 2635 tunc
753 2591 828 2636 recto
849 2585 985 2651 accipies,
1005 2584 1086 2651 quu'm
1104 2584 1179 2650 prius
1197 2584 1300 2651 legeris
1318 2584 1452 2635 Sabellici

169 2683 279 2719 carmen
291 2667 325 2718 de
337 2667 503 2720 Venetorum
515 2674 576 2720 ortu
589 2673 618 2718 et
636 2669 695 2719 fato
715 2667 744 2735 [i.
757 2687 780 2720 s.
794 2670 854 2721 lroec
873 2685 933 2744 quse
947 2667 1166 2720 ‘Genethliacon'
1185 2674 1214 2720 et
1227 2667 1393 2720 ‘Oraculum'
1413 2671 1451 2719 iu·

168 2749 353 2820 scribuntur],
377 2753 426 2803 sed
449 2768 503 2804 non
525 2754 579 2803 uisi
602 2768 658 2804 una
682 2768 715 2804 ex
733 2761 812 2827 purte
835 2771 930 2807 verum
949 2754 1082 2821 estquod
1105 2753 1152 2804 ille
1176 2753 1276 2815 adicit,
1300 2752 1360 2816 „nil
1378 2754 1452 2803 enim

168 2840 267 2905 quierit
284 2839 336 2889 iste
354 2838 466 2888 Marcus
484 2837 536 2888 nisi
555 2838 710 2890 irrisionem
730 2855 823 2890 eorum
842 2841 1012 2891 iactantiae'':
1031 2854 1094 2891 narn
1112 2840 1266 2901 Huttenus,
1285 2844 1315 2888 ut
1333 2838 1387 2888 tuit
1403 2832 1451 2904 pa·

168 2926 229 2974 trite
248 2924 456 2987 amantissimus
473 2921 566 2986 homo,
591 2939 645 2989 quo
664 2940 757 2975 amore
776 2924 921 2975 Cochlseus
939 2938 1034 2990 parum
1052 2924 1227 2985 movebatur,
1253 2925 1281 2973 in
1299 2924 1327 2973 id
1347 2938 1452 2989 quoqne

169 3008 348 3060 cummaxime
367 3009 487 3059 animum
509 3008 679 3072 intenderat,
703 3014 735 3060 ut
753 3010 904 3060 Germanos
922 3023 984 3060 suos
1002 3009 1038 3058 ad
1055 3007 1157 3059 bellum
1175 3012 1271 3060 contra
1288 3009 1382 3058 hostes
1399 3008 1451 3058 Ve-

170 3100 248 3144 netos
266 3098 378 3144 strenue
395 3092 613 3159 prosequendum
632 3095 830 3166 exhortaretur.
867 3093 989 3146 Cochlaei
1009 3094 1152 3144 adnotatio
1170 3092 1406 3144 Fcerstemanuum
1425 3093 1452 3142 in

170 3195 230 3230 eum
250 3193 370 3229 errorem
388 3178 503 3240 induxit,
522 3183 554 3229 ut
571 3180 732 3245 opinaretur
743 3182 867 3232 Marcum
885 3180 940 3230 dici
957 3179 1010 3230 ho'c
1028 3194 1140 3230 carmen
1153 3194 1170 3228 a
1182 3177 1316 3229 Sabellici
1334 3178 1451 3238 nomine,

170 3280 231 3315 euru
249 3280 267 3315 a
284 3267 381 3314 sancto
392 3263 489 3314 Marco
500 3264 678 3315 venetiarum
695 3271 810 3331 patrono
829 3265 996 3331 adpellatum
1015 3279 1075 3316 esse
1093 3263 1270 3314 manifestum
1289 3265 1333 3313 sit.
1354 3290 1385 3298 —
1404 3263 1452 3312 Sa-

169 3349 266 3401 bellici
285 3349 421 3410 earmina,
441 3363 501 3414 quse
518 3348 664 3401 Huttenici
683 3328 797 3418 egregiis
815 3353 894 3418 quasi
912 3350 1103 3418 supplementa
1120 3349 1364 3412 conmentarieque
1382 3352 1452 3408 eunt,

170 3433 294 3500 quamvis
311 3433 442 3484 Fortuna
459 3434 539 3485 triste
557 3435 612 3489 iter
629 3437 706 3487 circa
724 3453 830 3488 omnem
848 3437 958 3488 Italiam
977 3435 1086 3501 aliaque
1105 3449 1160 3485 non
1178 3432 1269 3494 nulla,
1289 3432 1385 3482 aedium
1404 3434 1453 3481 im-

169 3521 265 3587 primis
278 3517 393 3569 molesta
406 3518 465 3569 lere
478 3521 613 3584 recensio,
632 3520 759 3586 longiora
777 3522 930 3581 videantur,
950 3522 991 3570 ita
1009 3520 1165 3585 recognovi,
1182 3523 1215 3568 ut
1232 3517 1330 3567 menda
1347 3517 1453 3583 iupedi-

169 3610 316 3669 mentaque
336 3617 396 3668 quas
414 3604 553 3654 scribendi
573 3610 601 3654 et
618 3606 832 3672 interpungendi
850 3621 945 3673 parum
963 3610 1055 3656 rectus
1074 3605 1205 3655 editionis
1224 3603 1292 3657 eius.
1312 3618 1365 3667 qua
1384 3609 1454 3666 utor,

169 3706 227 3742 mos
244 3688 395 3740 lectoribus
413 3689 538 3739 obiceret
556 3687 629 3750 (utor
647 3695 737 3741 antem
756 3691 881 3758 exemplo
899 3691 970 3756 quod
989 3691 1049 3742 eine
1073 3690 1207 3750 officinee,
1232 3688 1311 3748 anni,
1336 3688 1390 3738 loci
1414 3690 1453 3738 in-

169 3776 311 3827 dicatione
331 3770 461 3840 [Veneti
474 3788 499 3823 a.
515 3772 587 3824 1502.
594 3772 616 3840 l]
636 3776 665 3825 in
684 3774 730 3826 iol.
744 3777 786 3827 sie
804 3778 967 3843 inscriptum
985 3775 1087 3842 prodiit
1104 3789 1197 3825 roras
1216 3788 1253 3824 sr.
1272 3789 1389 3824 eunoun
1410 3789 1454 3824 sr-

171 3875 295 3912 aannrcr.
317 3857 321 3922 Ι
343 3857 555 3909 Genethliacum
573 3859 688 3909 Venetae
711 3861 802 3911 urbis:
826 3862 861 3911 ad
884 3862 1033 3926 Georgium
1055 3859 1212 3911 Cornelium
1230 3860 1367 3924 Equitem.
1389 3858 1393 3920 Ι
1412 3861 1455 3908 De

171 3950 308 4013 apparatu
327 3942 441 3994 Venetre
459 3943 544 3993 urbis.
580 3944 682 3995 Poema
699 3961 791 3996 unum.
808 3946 812 4011 Ι
827 3953 876 3996 cte.
895 3945 959 3997 nam
978 3946 1071 3997 Herm.
1090 3945 1249 3996 Torrentini
1266 3944 1455 3994 recensionem

170 4047 232 4081 cum
251 4045 346 4080 comm.
361 4044 387 4079 a.
401 4026 476 4079 1408.
489 4029 525 4079 4⁰.
540 4028 642 4079 editam
661 4027 751 4095 [Hor'a.
765 4046 791 4081 n.
807 4028 908 4096 14060.]
927 4032 962 4081 ad
974 4047 1070 4082 manus
1082 4046 1135 4081 uon
1149 4029 1227 4094 est.),
1248 4035 1378 4094 quantum
1395 4045 1455 4095 poa·

170 4131 228 4166 rem
246 4113 381 4177 tollerem,
401 4113 562 4166 adnotarem
581 4119 671 4167 autem
689 4131 779 4181 paucu
798 4132 859 4183 quae
877 4116 987 4183 legendi
1006 4116 1226 4168 commoditatem
1244 4116 1398 4179 augerent,
1410 4129 1456 4164 ue·

170 4216 222 4267 que
241 4199 372 4250 indicatis
389 4205 512 4250 veterum
530 4205 672 4266 poetarum
689 4201 760 4252 locis
778 4217 839 4267 qum
857 4202 1013 4253 Sabellicus
1032 4199 1198 4266 compilavit,
1217 4214 1305 4264 neque
1323 4200 1456 4251 varianti·

170 4287 221 4337 bus
239 4303 265 4351 q.
278 4301 305 4338 v.
319 4285 462 4350 scripturis
481 4285 627 4351 adscriptis
646 4287 699 4336 nisi
717 4287 764 4336 ubi
783 4288 908 4352 quaedam
926 4288 1080 4337 necessitas
1104 4288 1224 4348 cogeret.
1255 4283 1344 4348 Ipsius
1363 4289 1455 4333 ancto-

170 4373 208 4421 ris
226 4371 359 4421 Historiae
377 4385 466 4420 rerum
478 4370 645 4421 Venetorum
664 4372 699 4421 ab
718 4372 784 4423 urbo
804 4372 917 4422 condita
936 4371 999 4421 libri
1011 4371 1137 4420 xxxin.
1152 4374 1180 4418 et
1198 4369 1225 4417 in
1243 4369 1338 4433 primis
1356 4369 1456 4420 Franc.

123 4488 126 4495 ·
170 4455 324 4516 Sausuuiui¹
341 4456 450 4508 Venetia
466 4455 529 4504 citici
546 4454 698 4507 nobilirrr'mc
716 4464 741 4508 et
757 4460 885 4523 singolare
903 4454 948 4519 (In
967 4456 1062 4505 Venet.
1078 4452 1151 4504 1604.
1164 4451 1212 4517 4⁰.)
1230 4469 1279 4520 pro
1298 4460 1456 4506 conmentu-

496 4539 537 4590 rio
556 4539 659 4591 adhoc
678 4558 790 4593 carmen
809 4542 913 4607 scripto
932 4555 992 4590 csse
1011 4542 1132 4606 possunt.

239 4707 326 4779 eron]
344 4713 361 4763 i.
375 4729 398 4763 e.
418 4715 472 4765 eui.
541 4714 663 4767 ²Cirrh.
683 4711 719 4780 a]
744 4718 813 4766 locus
835 4715 933 4767 oraculi
953 4713 1078 4779 Delpla'ei.
1148 4712 1262 4763 ⁷cuam
1281 4716 1304 4762 1.
1328 4711 1455 4766 Boeotus.
