3270 5354
259 396 383 433 eveum
396 396 426 432 rs
439 396 637 433 exorrrroneu
650 396 836 433 noorurrnarr
849 397 971 432 annenrr
985 398 1189 434 rauscunrcvs.
1295 369 1369 441 355

276 551 385 613 Fertur
407 559 436 613 et
458 553 488 612 in
511 552 629 613 cumuio
652 552 766 613 dubitat
788 571 854 631 ‹puee
876 554 973 629 prima
995 559 1152 631 sequatur:

277 652 350 723 Quae
371 655 484 733 capiat,
507 654 615 733 quibus
637 656 765 723 insistat,
790 654 857 715 data
879 656 964 731 copia
986 654 1083 716 turbat

275 754 312 816 n
334 756 403 817 iacit
423 755 606 834 ambiguam:
630 774 685 816 nos
708 756 784 817 baud
808 775 894 818 secus
917 758 1043 835 impetus
1065 766 1166 835 urget,

236 879 263 918 so
278 856 414 919 Destituit
436 859 511 919 ratio
534 858 689 936 perditque
713 858 809 919 oblata
834 858 971 927 iocuttas,

276 958 350 1030 Ouid
372 959 518 1038 primum,
543 958 612 1037 quid
635 960 784 1039 praecipue
806 962 856 1020 dat
876 960 1037 1039 liceatque,

277 1058 362 1130 Quod
384 1062 452 1139 quis
473 1062 503 1121 in
526 1060 700 1141 obsequium
724 1070 789 1122 ruat
811 1072 861 1122 aut
883 1081 949 1141 «pum
971 1064 1054 1139 signa
1076 1063 1223 1143 relinquat

192 1152 195 1159 ’
277 1162 402 1223 raticio
423 1161 563 1231 insolitae,
587 1181 646 1242 quo
669 1166 850 1242 gratificetur
873 1165 986 1225 bonore

274 1262 335 1325 lam
358 1271 459 1326 certus
480 1264 615 1344 liberque
639 1273 718 1327 metu
742 1268 907 1345 optatisque
929 1268 1050 1344 potitus.

235 1386 262 1427 oe
276 1362 368 1427 Obvia
390 1366 477 1427 turba
501 1366 552 1426 tibi
576 1368 670 1445 portis
692 1386 725 1427 sc
748 1368 872 1428 affundit
894 1370 1018 1446 apertis,

276 1466 384 1529 Tendit
404 1470 434 1528 in
457 1486 615 1530 occursum
638 1468 781 1549 populus,
804 1477 872 1529 sunt
894 1470 999 1530 ordine
1022 1469 1103 1529 nulio

277 1568 393 1630 Laeticia
416 1570 573 1631 dirimente
596 1571 717 1632 modum
739 1572 919 1649 iuvenesque
942 1589 1102 1651 senesque:

278 1670 478 1748 Ingeminatur
500 1672 546 1744 io,
569 1691 675 1734 vacuas
698 1673 868 1733 conscendit
892 1674 920 1732 in
943 1692 1034 1733 auras

278 1772 404 1842 Ciamor,
427 1773 464 1834 ab
486 1773 621 1853 impulsis
643 1783 761 1836 resonat
784 1774 973 1852 clangoribus
996 1775 1098 1837 rethor.

237 1896 264 1936 co
279 1874 358 1937 lnvia
382 1876 456 1937 iacta
478 1877 523 1937 via
547 1886 591 1938 est
613 1896 669 1956 qua
695 1884 725 1936 tu
747 1884 777 1937 to
800 1877 945 1944 immittis,
970 1877 1139 1957 ademptum

279 1976 332 2039 Est
352 1977 456 2056 piateis
478 1996 596 2039 nomen.
620 1978 690 2057 quid
714 1979 739 2036 si
761 1996 821 2038 non
844 1987 912 2039 ante
935 1986 1062 2040 vetasses

279 2078 348 2139 iirec
369 2079 432 2141 iieri
455 2080 584 2141 candore
608 2082 676 2141 tuot
700 2081 792 2159 pudet
813 2079 936 2141 auribus
957 2080 1029 2150 boc,
1054 2083 1132 2160 quod
1279 2084 1373 2164 fipgggi·

280 2180 411 2242 Virtutes
433 2199 571 2243 meruere
594 2182 673 2247 dari:
698 2200 799 2243 rernm
824 2181 871 2243 iiia
894 2181 1018 2260 pudoris

280 2280 462 2344 Munimenta
483 2285 525 2344 tui
548 2302 603 2343 nos
625 2285 751 2346 effecere
774 2284 903 2345 verendo

241 2401 268 2443 oo
282 2384 399 2447 tudere
421 2392 451 2447 et
473 2386 576 2447 vetitos
599 2388 764 2465 cupientins
787 2386 876 2448 edero
898 2386 1027 2465 plausus.

279 2485 371 2548 'tanta
394 2486 565 2549 merebatur
588 2490 720 2568 quisquis
742 2488 876 2549 solicito·
899 2487 967 2549 oiim

281 2586 397 2650 beilum
418 2590 562 2667 exegisset
584 2589 761 2670 domitisquc
783 2610 818 2651 ex
842 2590 976 2651 hostibus
999 2591 1065 2651 urbi

279 2689 440 2753 invexisset
461 2710 532 2771 opes
555 2711 681 2772 peregre
705 2691 865 2771 spoliisque
887 2690 1024 2772 superbis

279 2793 415 2854 duxisset
436 2792 562 2854 dominae
584 2812 738 2856 nummosa
761 2796 863 2854 aeraria
886 2794 1001 2859 borna:

240 2912 267 2953 ao
280 2892 348 2954 Sive
369 2893 549 2957 rebeiiantes
571 2897 662 2957 armis
684 2903 853 2974 superasset
876 2895 994 2962 iberos,

279 2995 347 3057 Sive
368 2994 447 3058 leves
468 2996 579 3068 Celtas,
603 3005 653 3060 aut
674 2999 729 3059 sub
751 3000 819 3074 iuga
842 2998 934 3058 biarte
956 2997 1087 3057 secundo

282 3096 428 3159 Cantaber
450 3100 521 3162 isset
543 3119 651 3179 equos,
675 3099 762 3180 pleno
785 3100 952 3176 excipiente
976 3098 1128 3177 triumpbo

280 3198 444 3261 Decrevere
467 3210 567 3279 patres
587 3204 675 3264 tantis
698 3208 781 3279 grata
804 3202 899 3261 omnia
923 3202 1021 3277 gestis.

280 3300 384 3380 btagne
407 3302 527 3373 damus,
551 3305 608 3364 nisi
630 3312 661 3363 tn
684 3304 775 3370 notis,
799 3304 909 3364 maiora
933 3301 1043 3369 daturi,

242 3420 269 3461 rs
284 3401 351 3463 iure
373 3406 454 3482 pari,
479 3406 585 3465 morito
607 3406 740 3474 divorso,
765 3423 822 3464 non
845 3406 928 3485 quiesi
951 3403 1021 3464 betti

281 3503 419 3566 lntuleris
440 3515 538 3568 motus
560 3508 739 3567 Venetumro
762 3508 908 3568 tutuderis
931 3506 1058 3566 bostem:

283 3606 442 3681 Gratantur
463 3607 583 3679 reduci,
606 3609 658 3669 sed
682 3609 759 3688 qrrrid
783 3618 811 3670 tu
835 3610 968 3686 principe
991 3606 1061 3668 belii

281 3707 418 3787 Suspicio
440 3710 545 3790 procul
568 3713 663 3771 omnis
685 3710 782 3771 abest:
806 3711 864 3771 buc
887 3712 951 3771 ocia
975 3719 1086 3778 tecum,
1244 3709 1377 3789 {13:3me

252 3810 346 3899 ‚Huc
367 3829 531 3892 pacemque
554 3813 661 3882 trabis,
685 3814 827 3873 tutissima
851 3822 984 3891 tempora
1008 3812 1119 3873 abactis

151 4046 168 4081 '⁸
185 4048 310 4099 Laettttoe
329 4052 419 4100 3.5.6.
433 4048 513 4115 (ubiq.
527 4050 579 4109 iti).
632 4048 655 4081 ⁸⁵
672 4049 762 4115 Prope
780 4050 929 4115 piscariam
948 4056 1054 4114 portam
1075 4048 1170 4098 clerici
1188 4064 1287 4100 novrum
1306 4069 1376 4117 prae·

151 4133 299 4185 ueeeundo
305 4133 402 4184 Rheno
415 4134 614 4184 adventantem
626 4134 813 4199 excipiebant.
850 4133 871 4165 ⁵⁶
881 4132 922 4200 Io]
935 4134 1099 4184 Germanico
1112 4134 1153 4187 Ju.
1163 4134 1229 4195 beia,
1243 4135 1300 4184 bei!
1312 4153 1375 4188 nom

152 4232 205 4285 per
222 4218 402 4269 Germaniam
419 4219 539 4268 nondum
558 4217 729 4269 sternebatur
747 4219 895 4269 barborum
915 4218 983 4268 iliud
1001 4218 1117 4268 llurrolt.
1176 4217 1199 4249 ⁶⁰
1218 4219 1319 4271 adest
1336 4223 1374 4288 pi.

151 4300 161 4371 l
186 4302 289 4369 pisteuo
312 4302 470 4354 bominibus
493 4308 560 4353 toto,¹
586 4308 721 4353 contectae
745 4309 822 4364 sunt,
848 4304 902 4352 iam
927 4319 982 4352 non
1006 4308 1069 4352 sunt
1092 4301 1207 4368 pietooe,
1231 4304 1375 4358 πλατεῖαι.

151 4404 216 4439 m
233 4405 281 4439 our.
295 4389 320 4438 3.
333 4395 361 4437 ut
377 4388 510 4453 sequentia
527 4390 643 4454 pariaque.
697 4387 718 4420 ⁶⁵
736 4388 825 4439 aerlere
839 4393 864 4437 5.
911 4387 933 4420 ⁶⁶
955 4387 1121 4452 Triumpbona
1138 4392 1286 4453 imperator.
1335 4392 1374 4441 ie·

151 4488 173 4525 tr
191 4472 363 4539 &baebio
427 4471 449 4504 *ἵ
468 4473 616 4538 exaegioeet
634 4474 658 4522 1.
716 4473 738 4505 '⁰
756 4473 850 4523 durum
868 4473 977 4523 iberum
995 4475 1032 4522 M.
1047 4472 1117 4523 Coto
1135 4474 1292 4539 superavit,
1313 4475 1373 4526 Cel-

151 4558 234 4611 inm
251 4557 347 4607 Iulius.
398 4554 421 4590 π
433 4556 624 4619 „Cantabrum
643 4558 781 4608 indoctum
799 4558 866 4621 iugo
885 4558 957 4609 terre
976 4560 1086 4609 nostre”
1105 4558 1184 4621 (Ilor.
1198 4557 1249 4607 Od.
1263 4558 1300 4609 ΙΙ.
1313 4559 1373 4625 (ist.)

151 4646 245 4695 rerunt
259 4642 379 4708 Augusti
396 4640 494 4707 legati.
550 4642 574 4676 ⁷³
590 4644 692 4694 Veneti
709 4659 779 4710 poce
798 4658 858 4692 eum
878 4642 966 4694 Gallis
985 4643 1055 4694 inita
1073 4658 1134 4693 cum
1147 4642 1259 4693 Caesero
1278 4660 1373 4709 pacem

167 4726 397 4779 detrectaverunt
414 4727 508 4793 paullo
526 4734 592 4779 ento
611 4744 691 4794 quam
710 4729 762 4781 hoe
781 4745 892 4779 carmen
911 4734 1120 4795 conponeretur.
1179 4728 1202 4761 ⁷⁸
1219 4730 1279 4780 otia
1297 4735 1321 4781 5.

1077 4816 1145 4878 23·
