3270 5354
162 316 236 387 210
362 346 487 383 HV'H‘ENI
499 346 536 382 ΔΙ)
550 346 684 383 casum
696 346 910 383 unxrnrtunvtt
922 346 1146 384 terreremur!
1158 347 1255 383 uttan.

364 501 487 562 Rettulit
508 500 554 562 illa
581 503 657 569 viro,
683 505 833 563 “Causam
857 501 934 562 illinc
957 500 1048 564 Gallia
1071 521 1190 581 pugnax

451 602 619 672 “Praebuit,
643 603 711 676 lripc
734 602 851 671 l⁷eneti;

366 705 477 783 “Saepe
500 705 618 784 quidem
640 684 773 774 venetis,
797 722 965 784 quanquam
988 706 1146 783 exagitata,
1170 706 1310 785 peperci,

261 858 266 865 .
325 826 350 867 n
451 804 549 866 “Cum
571 812 705 884 peterent
728 793 859 876 reniam

366 909 429 966 “tt
452 905 551 969 Gallos
574 909 661 968 etiam
684 908 797 968 meritis
820 915 849 967 et
872 906 982 969 viribus
1004 908 1088 969 auxi:

373 1066 378 1075 ,
451 1008 542 1069 “Non
565 1007 695 1070 retulere
717 1007 842 1069 ricem'ss

367 1110 418 1169 l'ir
443 1129 477 1171 ca
499 1128 735 1171 commemorans
758 1117 832 1173 totos
855 1112 1007 1188 consurgit
1028 1111 1057 1170 in
1080 1108 1162 1180 alas,

216 1293 220 1300 ¹
328 1232 353 1274 as
452 1211 607 1293 Nunquam
632 1213 669 1272 ita
694 1210 849 1280 terribilis;

368 1314 419 1373 Cui
442 1331 474 1374 se
496 1320 540 1373 tot
561 1312 662 1393 populi
684 1315 764 1373 iuxta
787 1315 955 1393 passimque
977 1313 1093 1393 sequuti

452 1414 628 1493 Applicuere
650 1414 758 1475 duces:
1100 1490 1107 1501 .

370 1516 431 1575 ileu
456 1514 532 1575 male
555 1514 721 1576 consultum
744 1515 863 1576 Venetis
886 1514 1029 1594 Galloque
1050 1517 1162 1585 ruenti,

329 1638 354 1677 oa
454 1620 534 1687 Quos
556 1624 641 1677 necat
663 1603 716 1678 iste
740 1618 838 1677 luror!
868 1700 871 1705 ⁶

322 1781 352 1840 9·
684 1786 733 1835 ΑΙ)
753 1784 943 1835 CAESAREM.

367 1902 446 1964 Velle
468 1910 540 1982 puto
563 1921 701 1983 superos,
726 1913 756 1965 nt
779 1910 807 1965 te
830 1912 880 1965 tua
903 1905 959 1966 lata
982 1912 1122 1986 repente⁴

452 2003 613 2067 Sublimem
636 2006 740 2084 priscis
762 2006 956 2068 adnumerent
976 2008 1075 2071 atavis.

366 2106 437 2167 Vota
462 2106 560 2168 lerunt
582 2106 715 2167 homines
738 2115 767 2167 et
788 2115 817 2168 te
839 2124 995 2187 superesse
1017 2104 1191 2186 precantur:

342 2230 354 2268 ⁴
454 2208 549 2270 lulera
573 2227 639 2269 nam
664 2209 729 2286 quis
752 2217 779 2269 te
802 2210 915 2287 digeret
937 2210 1000 2270 haec
1022 2208 1145 2275 melius?

368 2313 417 2370 Ast
442 2328 497 2386 ego
521 2310 650 2372 fumosas
673 2312 788 2390 quoties
809 2311 875 2372 loco
898 2330 1006 2373 munus
1028 2312 1064 2372 ati
1087 2329 1173 2399 aras2

454 2413 516 2473 lloc
537 2420 606 2492 peto
630 2421 658 2473 et
680 2414 738 2474 hoc
761 2433 876 2475 raecum
901 2403 978 2475 mille
1002 2420 1106 2493 petunt
1127 2411 1191 2481 alii,

271 2586 274 2591 ,
311 2538 316 2543 ·
370 2514 520 2575 inrideant
542 2533 579 2575 nc
602 2522 631 2575 te
653 2519 762 2576 misero
784 2518 831 2593 pla
854 2519 973 2576 numina
997 2514 1123 2584 mundo,

343 2636 355 2669 s
454 2618 549 2694 Atque
572 2618 608 2677 ita
631 2617 701 2678 tlcnt
723 2617 812 2679 coelos
835 2636 872 2678 ne
894 2617 963 2678 hinc
985 2606 1102 2695 rapiare
1124 2616 1192 2677 cito.

300 2779 348 2839 rit.
367 2785 417 2833 nn
436 2784 692 2836 nitemrvnmn
710 2749 949 2869 rrnmrnmum
967 2787 1015 2835 so
1035 2784 1264 2835 euenturum.
1293 2751 1295 2755 ¹

370 2904 445 2974 Quin
469 2910 584 2964 veteres
607 2908 715 2965 mirare
739 2913 818 2976 tuos,
843 2907 1016 2974 Germania,
1041 2905 1145 2983 reges?

455 3005 529 3074 Quid
553 3008 661 3084 repetis
684 3010 797 3085 priscos
820 3008 848 3066 in
872 3014 920 3067 tua
943 3005 1019 3066 secla
1043 2990 1154 3067 duces?

371 3106 412 3166 tie
437 3115 503 3184 pete
525 3107 708 3169 Gambrivios
731 3116 873 3186 natosque
895 3099 1049 3173 tuisconis
1071 3108 1184 3168 omneis

345 3226 357 3264 a
458 3209 582 3289 Visaque
605 3209 659 3270 sub
683 3210 789 3270 Manno
813 3210 897 3270 lortia
922 3210 1011 3269 corda
1035 3208 1105 3279 deo,

373 3309 585 3372 llermionasrc
607 3309 730 3372 alacreis
754 3318 896 3390 iratosque
918 3311 1087 3389 ingaevones
1109 3312 1214 3378 ermis,

460 3412 653 3492 Cymhrorum
677 3431 817 3493 proceres
839 3413 1092 3490 Teutonicumque
1113 3417 1222 3489 genus,

373 3517 489 3592 Orrique
512 3497 591 3575 dorni
614 3515 665 3576 titi
689 3516 798 3594 quique
822 3514 893 3574 loris
915 3533 1060 3593 peperere
1082 3514 1236 3583 decorem,

347 3632 359 3669 8
459 3617 537 3678 Neve
559 3619 718 3679 Ariovistos
740 3618 970 3694 Arminiumque·
986 3615 1091 3676 lerum.

373 3719 466 3779 Crcile
489 3719 576 3785 milri.
600 3726 712 3779 temere
734 3701 864 3795 praesens
887 3724 1041 3778 revocatur
1055 3717 1099 3776 ad
1122 3734 1216 3776 rernm

458 3819 596 3888 Carolus,
621 3829 652 3879 ut
675 3820 773 3889 tortis,
797 3836 921 3896 magnus
945 3825 977 3878 ut
998 3817 1047 3878 ille
1069 3818 1132 3878 tuit.

375 3921 451 3993 Quid
473 3929 585 3998 septem
608 3919 788 3985 ilenrichos,
813 3920 881 3998 quid
905 3927 965 3980 tros
988 3921 1104 3980 miraris
1127 3918 1274 3981 Othones.

337 4048 360 4086 rr
459 4022 523 4083 Non
547 4020 599 4082 ulli
621 4022 725 4101 dignos
747 4022 853 4082 cedere
871 4022 1023 4100 Scipiadil

259 4179 283 4227 e.
314 4177 336 4210 ²³
355 4178 397 4226 Cl.
413 4175 627 4225 exhortatorium
647 4174 674 4223 in
692 4174 827 4236 Venetos,
847 4189 930 4239 supra
948 4189 974 4239 p.
989 4172 1046 4233 135.
1099 4169 1231 4223 ”secuti
1250 4175 1310 4222 Μ.

255 4264 280 4312 tl.
311 4261 400 4326 ⁴quis
418 4261 476 4309 lrmc
495 4259 632 4308 mundano
650 4257 747 4307 melius
767 4274 847 4323 quem
865 4263 896 4306 tu
914 4242 1011 4323 reget?
1063 4253 1162 4320 ὓΙοοο]
1183 4255 1278 4306 offero.

242 4347 281 4397 10.
313 4347 471 4412 ltepotituru
497 4344 582 4394 etiem
607 4347 650 4392 est
673 4342 721 4391 sed
740 4343 870 4392 mendose
893 4342 945 4392 hoc
970 4357 1083 4392 carmen
1100 4341 1129 4389 in
1148 4339 1263 4390 Gobleri
1282 4339 1409 4405 (etenim
1424 4348 1463 4394 nrt

172 4427 354 4494 §timotiani
410 4428 592 4494 ssoriuitioni
606 4467 622 4478 ..
635 4425 779 4489 staunton
796 4441 818 4480 a.
833 4427 877 4490 sti.
895 4425 968 4477 lanu.
984 4427 1032 4477 toi.
1059 4424 1105 4476 iol.
1119 4423 1171 4486 10⁴,
1184 4424 1232 4475 ubi
1245 4425 1412 4476 inscribitur
1424 4427 1462 4476 ‘de

171 4518 206 4565 1).
221 4515 411 4565 Maximiliuno
430 4515 515 4579 primo
535 4513 704 4577 imperatore
723 4526 831 4576 semper
848 4512 986 4577 Augusto,
1011 4509 1084 4576 Dilqp
1107 4512 1168 4562 eius
1192 4510 1465 4576 magnanimitate&

173 4600 372 4665 magnitudine,
392 4599 480 4649 Vlrici
499 4598 615 4648 liutteni
633 4596 750 4645 Carmen
769 4596 804 4646 art
824 4596 1019 4647 Germaniam'.
1083 4593 1180 4645 ιΤηο.
1195 4593 1287 4646 Germ.
1301 4595 1328 4645 2.
1342 4596 1380 4647 cf.
1395 4597 1466 4646 infre

173 4684 310 4747 l’ancgyr.
324 4701 348 4734 v.
363 4682 421 4735 706.
435 4699 503 4747 sqq.¹
524 4683 571 4731 ubi
590 4682 678 4731 fusius
696 4680 765 4730 haec.
818 4680 828 4712 ⁵
847 4682 1005 4745 Ingeuonea
1023 4682 1083 4731 edd.
1135 4678 1157 4712 ¹²
1175 4679 1275 4744 cedere
1288 4683 1316 4731 1.
