3270 5354
287 342 413 382 EV'H'HHI
426 342 456 378 tn
470 343 667 379 BXGHP‘HOHHH
681 345 866 381 HOGVHTIHAH
878 346 1000 383 ALBHH'I'I
1015 349 1217 388 PAHEGVHlCVH.
1323 324 1396 397 375

304 498 471 562 Herbarum
493 515 613 568 succos;
637 498 700 560 haec
722 500 767 560 rix
790 500 930 562 imitabile
954 504 1014 564 visu

302 603 399 680 Pingit
420 619 475 662 acu
498 618 682 661 summorum
707 602 859 664 homiuum
882 611 964 665 retus
987 614 1210 684 argumentum:

302 707 358 767 Ars
380 704 515 783 precium
537 710 672 782 superat:
696 706 795 765 vacuis
818 708 976 766 certamina
1000 707 1142 787 Nymphis

302 806 371 868 Haec
392 805 491 884 posuit
512 811 622 875 malem
647 804 776 867 stimulat
799 811 962 878 contentio,
986 817 1101 871 certain

249 926 288 966 ose
302 908 375 971 Esse
397 925 499 986 pares,
522 905 604 968 iubet
626 908 753 968 artifices
776 908 805 968 in
829 912 954 972 stamine
977 928 1092 989 pugnas

301 1010 367 1089 lpsa
389 1027 450 1072 suae
472 1010 568 1085 gentis
590 1011 673 1070 cerni
696 1018 867 1089 veteresque
891 1010 1023 1082 lahores,

301 1112 469 1173 Primorum
492 1113 670 1172 monimenta
693 1112 801 1172 ducum
824 1114 994 1193 patriosque
1016 1115 1190 1194 triumphos.

300 1214 354 1275 llic
376 1213 488 1284 honor,
511 1212 575 1273 haec
596 1212 660 1273 laus
683 1220 740 1282 est,
766 1214 813 1274 hic
837 1232 890 1274 cnr
913 1223 958 1283 tu,
982 1215 1115 1287 liberte,
1140 1219 1274 1289 labores,

301 1316 412 1394 Sponte
433 1314 514 1376 subit
536 1316 626 1383 ratio,
652 1314 709 1375 lert
732 1316 781 1376 hic
803 1335 855 1377 sua
880 1317 998 1396 prunus
1023 1320 1130 1380 virtus:

249 1437 289 1477 roo
302 1418 502 1496 Magnanimos
525 1418 601 1477 inter
623 1433 766 1493 proceres
789 1417 943 1496 Rhenique
966 1420 1081 1481 sodales

299 1519 399 1581 lodice
421 1520 536 1598 pictma
558 1538 628 1598 pars
650 1537 710 1579 non
733 1520 888 1580 temnenda
912 1528 1031 1582 tuorum
1055 1531 1107 1583 est.

299 1622 414 1685 Primus
435 1622 533 1682 lionor
554 1621 654 1689 Marti,
679 1620 782 1700 clypeo
805 1620 882 1682 hlars
906 1621 998 1701 lnlget
1020 1632 1049 1686 et
1072 1645 1142 1688 ense
1208 1626 1391 1711 ‚ltflpggssg‘gss

299 1724 534 1803 Germouamqne
557 1741 646 1783 moun
668 1725 809 1783 lranream
833 1732 925 1791 tenet,
949 1723 1027 1786 illins
1049 1728 1108 1789 aris
1207 1711 1284 1753 ‘'¹⁰¹⁸''

299 1823 422 1886 Victima
444 1826 539 1904 prima
563 1825 655 1894 cadit,
679 1827 776 1901 gentis
797 1833 882 1905 pater
905 1827 967 1903 ipse
991 1831 1088 1889 vocari

246 1946 285 1986 ros
300 1926 415 1989 Gaudet
436 1933 466 1987 et
487 1933 588 1987 arctoo
612 1926 712 1987 sedem
736 1926 793 1988 sihi
815 1927 915 2003 deligit
936 1927 1019 1989 orbe.
1279 1932 1389 2012 {gam

298 2028 400 2090 Cernis
423 2037 453 2090 et
473 2028 594 2090 Alciden
618 2030 777 2107 iunctoque
801 2028 948 2089 Tuiseono
971 2030 1078 2091 lllamro
1209 2032 1389 2117 ffgfllgpssoffim·

297 2129 459 2192 Teutonico
481 2131 639 2191 horrentes
661 2130 764 2191 habito
787 2137 976 2209 pugnataque
999 2132 1092 2205 bella,
1208 2117 1291 2154 ’'⁸⁰⁰⁰'‘

296 2232 333 2293 lit
354 2233 428 2294 haia
450 2233 582 2312 genitum
603 2231 772 2303 Teutatem,
796 2233 959 2294 immitibus
982 2237 1054 2307 aris,
1254 2235 1388 2320 lastaria.

296 2333 432 2396 'l'erribili
453 2337 567 2412 specie,
591 2342 620 2396 et
642 2337 755 2414 primos
779 2355 814 2396 ex
838 2336 941 2396 ordine
964 2355 1051 2416 reges

244 2436 442 2499 nolmmeusa
465 2438 559 2505 serie,
586 2446 745 2516 nostroque
768 2439 915 2516 incognita
938 2440 1017 2501 seclo

294 2538 392 2599 Ardua
415 2538 490 2599 lacta
514 2541 623 2600 virum:
649 2537 752 2607 velles,
776 2539 950 2610 Germania,
975 2541 1078 2612 relleS,

221 2692 224 2697 .
294 2638 388 2710 Quam
410 2658 480 2702 vera
501 2647 561 2710 est,
585 2647 645 2702 tam
668 2641 704 2702 sit
726 2643 844 2719 scriptis
866 2650 915 2703 tua
939 2647 1053 2722 cognita
1078 2647 1182 2708 virtus:

294 2742 366 2814 Quae
387 2743 502 2813 iecere,
526 2743 589 2803 dem
612 2749 735 2811 norunt,
760 2750 788 2803 et
810 2743 908 2822 praelio
934 2754 962 2805 et
984 2747 1063 2825 ipsos

294 2843 351 2916 Qui
372 2862 492 2923 gessere
514 2845 618 2913 duces;
642 2863 697 2905 nos
719 2845 764 2904 vix
789 2852 919 2905 extremo
944 2848 1069 2908 ridendo

242 2964 280 3005 na
295 2947 501 3026 Assequimur,
524 2947 613 3008 datur
635 2949 772 3025 ingentes
793 2947 963 3008 lstherones
986 2951 1075 3009 arinis
1237 2955 1374 3029 troianos

293 3047 424 3110 Noscere
439 3055 469 3110 et
483 3049 677 3110 Hermionam
693 3066 825 3127 preceps
841 3066 934 3126 genus
950 3051 1195 3122 mailrosensis,
1249 3052 1386 3135 lomim

154 3233 191 3268 θ’
207 3235 324 3301 pretium
343 3239 367 3286 d.
415 3234 448 3267 Μ
466 3232 738 3300 mater]Germanie.
785 3234 818 3266 ⁶⁹⁹
837 3237 942 3301 premia
956 3241 978 3286 1.
988 3241 1012 3286 2.
1060 3237 1094 3270 Μ
1112 3238 1259 3293 comen.
1306 3247 1383 3294 cata·

151 3316 182 3388 s]
201 3322 281 3386 quasi
299 3322 328 3372 iu
345 3321 466 3371 indicem
485 3320 614 3370 redactus
628 3325 670 3370 est
682 3321 851 3386 Epigramm.
865 3321 900 3370 ad
912 3322 1025 3374 illenim.
1040 3321 1080 3372 10.
1115 3323 1149 3355 ⁷⁰⁶
1167 3325 1336 3386 „Herculem
1355 3332 1384 3378 et

151 3410 206 3457 tem
229 3406 370 3456 concessis
394 3405 560 3455 animalibus
584 3404 723 3470 placant'’.
752 3406 813 3456 Tac
828 3407 918 3456 Germ.
932 3406 956 3456 ll.
978 3409 1094 3469 „Fuisse
1114 3410 1187 3474 apud
1206 3425 1252 3460 eos
1272 3415 1300 3460 et
1311 3410 1382 3461 ller-

151 3507 176 3542 m
194 3494 348 3542 memorant
358 3491 528 3556 primumque
542 3492 662 3540 omnium
674 3491 794 3540 virorum
808 3493 918 3541 sortium
932 3493 996 3541 ituri
1009 3493 1037 3542 in
1050 3493 1148 3559 praelio
1161 3498 1295 3548 canunt”.
1314 3496 1381 3547 ibid.

206 3575 297 3626 Tuisc.
310 3572 415 3641 Maon]
435 3575 472 3625 cl.
487 3590 512 3625 v.
526 3574 585 3625 327.
650 3575 864 3626 ⁷⁰⁸im1nittibus
883 3581 908 3626 2.
929 3578 1060 3638 ,,<Ιεοηιει
1079 3580 1197 3629 monime
1215 3579 1381 3632 Mercurium

151 3665 196 3722 nt,
222 3660 268 3710 cui
291 3661 373 3711 certis
396 3660 494 3710 diebus
517 3659 644 3710 humanis
668 3676 774 3726 quoque
799 3662 898 3713 hostiis
921 3661 1003 3712 litare
1023 3662 1066 3714 las
1085 3666 1153 3715 est”.
1176 3665 1236 3715 Tac.
1251 3666 1341 3716 Germ.
1355 3665 1380 3717 l).

151 3744 199 3794 .B.
215 3744 249 3796 G.
262 3744 308 3796 VI.
325 3744 365 3796 17.
435 3742 525 3810 'l'eut.]
546 3746 602 3808 „nt
621 3746 718 3810 quibus
738 3746 851 3796 immitis
869 3746 998 3812 placetur
1016 3750 1151 3814 sanguiue
1170 3749 1230 3800 diro
1248 3751 1381 3802 Teutates

151 3844 255 3894 cneque
284 3829 352 3880 feris
380 3829 516 3880 altaribus
539 3830 656 3879 Hesua”.
681 3831 779 3880 Lucere.
798 3831 895 3880 Phars.
915 3833 936 3881 1.
950 3833 1009 3881 det.
1024 3849 1063 3897 sq.
1134 3834 1167 3867 ⁷⁰⁹
1191 3835 1337 3885 Terribilis
1355 3840 1380 3885 2.

151 3912 227 3964 ›relia
245 3916 303 3964 1.2.
357 3914 516 3979 „Memoriae
535 3914 659 3979 proditor
678 3915 810 3979 quosdam
829 3917 906 3967 acies
925 3916 1076 3967 inclinatos
1095 3920 1151 3968 iam
1171 3924 1199 3968 et
1216 3919 1345 3970 labantes
1365 3936 1381 3970 o

153 3998 198 4049 nis
216 3997 408 4050 restitutas...
428 4000 520 4050 inesse
540 4001 605 4065 quin
629 4001 714 4050 etiam
738 4007 864 4050 sanctum
888 4002 994 4066 aliquid
1019 4007 1046 4052 et
1068 4003 1210 4068 providum
1234 4009 1333 4070 putant

151 4099 206 4134 mnu
223 4083 274 4135 suh
293 4083 357 4134 divo
371 4084 542 4150 Vespasiano
555 4084 689 4135 Veledam
707 4085 753 4135 din
773 4086 845 4150 opud
863 4086 1008 4151 plerosque
1027 4087 1145 4137 numinis
1164 4089 1225 4138 loco
1244 4089 1380 4152 habitam,

151 4172 181 4222 st
198 4167 264 4220 olim
275 4167 418 4219 Auriniam
432 4172 460 4220 et
478 4169 643 4236 complureis
662 4170 733 4220 alins
753 4173 879 4220 venerati
897 4177 970 4234 sunit,
991 4187 1044 4221 uon
1064 4172 1222 4224 adulatione
1241 4189 1293 4223 nec
1312 4178 1379 4224 terrr-

151 4253 307 4305 placerent
319 4253 414 4305 deas''.
438 4255 498 4305 Tae.
514 4255 606 4306 Germ.
620 4253 644 4304 8.
698 4253 788 4287 715·”716
807 4255 889 4305 datur
942 4253 1087 4322 noscero]?
1105 4258 1228 4319 „blanno
1246 4259 1297 4307 tris
1309 4258 1381 4309 filios

151 4345 244 4405 mant,
269 4354 283 4389 e
308 4354 420 4405 quorum
446 4339 599 4390 nominibus
622 4341 737 4406 proximi
761 4356 866 4390 oceano
884 4342 1062 4406 lngmvones,
1086 4343 1170 4392 medii
1189 4343 1381 4407 Herminones,

151 4423 338 4475 rilstaevones
355 4427 516 4475 uocantur”.
534 4425 593 4475 Tac.
609 4424 699 4476 Germ.
713 4426 738 4476 2.
751 4451 784 4459 -
798 4425 1017 4487 „Germanorum
1035 4443 1139 4493 genera
1158 4428 1291 4493 quinque:
1312 4465 1328 4480 ..
1342 4429 1381 4480 al-

151 4525 173 4560 m
196 4524 283 4575 genus
306 4509 484 4574 Ingaevones,
510 4525 622 4574 quorum
646 4526 710 4576 pars
735 4509 853 4573 Cimbri,
879 4510 998 4560 Teutoni
1022 4528 1055 4562 ac
1074 4512 1246 4564 Chaucorum
1270 4519 1384 4580 gentes;

151 4593 201 4645 iani
220 4598 313 4645 autem
330 4594 427 4644 Rheno
445 4595 612 4657 istaevones,
637 4611 748 4660 quorum
766 4612 831 4660 pars
851 4594 955 4645 Cimbri
974 4597 1184 4659 mediterranei;
1208 4599 1380 4657 Hermiones,

151 4693 198 4730 um
216 4677 315 4743 Saevi,
333 4679 532 4743 Hermunduri,
553 4679 661 4743 Chatti,
682 4680 815 4730 Cherusci
835 4683 869 4730 ..”
890 4683 955 4732 Ptin.
970 4683 1005 4732 11.
1019 4683 1052 4733 N.
1064 4683 1111 4733 IV.
1122 4682 1206 4747 tare.
