3270 5354
369 406 491 443 ΙΠΤΤΙΜ
504 408 541 443 Μ
554 408 709 445 electum
724 409 891 448 VHBTORVR
905 412 1057 449 ERROICW·
1279 385 1348 459 291

271 560 306 622 Et
328 568 409 623 reete
431 563 557 625 audaces
579 564 717 642 Ligures,
740 566 763 626 si
787 565 902 628 casibus
924 569 1016 645 eequis

270 662 424 742 bispenset
445 666 563 726 fortuna
583 669 676 727 vices:
700 666 836 747 ultroque
857 670 991 749 citroque

230 786 256 827 ss
271 766 421 829 vincendo
444 769 510 828 victi
531 768 669 846 Ligures,
693 769 863 850 aliquotque
885 789 940 851 per
962 789 1055 832 annos

269 869 413 932 Successu
435 871 516 930 ruric
538 878 700 950 pugnatum
723 880 752 933 et
774 872 883 934 uiribus
906 876 1012 952 equis,

266 971 367 1034 Donec
388 971 424 1033 ad
447 979 583 1035 eventum
606 992 664 1053 qno
686 977 744 1035 iam
766 971 955 1035 inclinaverat
977 977 1036 1037 exit

266 1074 336 1136 Alea
358 1072 513 1136 bellorum.
537 1075 607 1154 quid
629 1077 701 1146 iam,
725 1077 812 1148 Sors,
836 1077 945 1139 addere
966 1095 1086 1156 posses,

266 1176 403 1239 Cromnia
426 1176 495 1257 quid
518 1176 608 1239 velles
630 1195 689 1256 quo
712 1188 778 1239 nata
801 1178 954 1257 superbiat
975 1179 1070 1241 uluai

227 1299 254 1341 ta
268 1278 359 1342 anun
379 1279 477 1341 adbuc
498 1277 622 1358 aliquid,
645 1280 697 1341 sed
720 1299 779 1360 qno
801 1280 841 1341 nil
865 1283 960 1343 maius
981 1281 1121 1344 babebis:

265 1381 424 1444 Prmdones
445 1397 571 1459 regnare
593 1379 692 1452 iubes,
716 1390 786 1444 tunc
809 1384 940 1464 quisquis
962 1385 998 1446 ad
1021 1385 1115 1448 undas
1165 1456 1171 1471 ι

266 1482 391 1547 Venerat
411 1482 566 1562 Euganeas
588 1502 675 1545 curra
699 1485 745 1546 rix
767 1487 881 1564 integer
903 1485 985 1558 alno,

264 1585 348 1648 Pisce
371 1604 499 1648 onerans
520 1586 624 1647 scabra
647 1584 780 1648 limosam
802 1590 931 1666 aerugine
954 1589 1105 1669 cymbam,

264 1687 350 1751 Hunc
371 1706 472 1769 regem
496 1689 567 1749 lacis
588 1698 617 1750 et
639 1687 763 1767 populos
785 1689 893 1768 quibus
914 1692 1040 1770 imperet
1062 1693 1155 1754 addis.

225 1810 252 1852 es
267 1791 325 1853 llas
346 1792 434 1853 etism
457 1789 567 1852 cultum
591 1796 621 1851 et
642 1792 770 1870 speciem
794 1792 933 1855 concedis
955 1793 1075 1856 honori:

264 1892 409 1955 Continuo
431 1901 586 1971 argentum
608 1895 718 1955 mensis
739 1891 891 1973 solidoque
915 1913 949 1955 ex
973 1913 1046 1957 auro

263 1994 372 2057 Pocula
395 2001 426 2057 et
447 1996 551 2057 artifici
573 1994 673 2057 lances
694 1995 799 2057 nidore
821 1997 939 2074 supinas

262 2092 421 2176 Exponunt
441 2096 543 2159 Veneti
565 2105 595 2158 et
616 2116 706 2159 cocco
729 2096 904 2181 sublimibus
926 2108 1032 2159 ornant

262 2199 357 2263 turea
381 2198 474 2261 iulcra
496 2201 583 2269 toris,
607 2207 695 2279 atque
717 2199 774 2260 boc
796 2207 917 2278 torpore
940 2203 1047 2280 quietis

224 2321 251 2363 ro
264 2300 370 2363 Baetica
393 2300 458 2363 lana
481 2303 551 2362 viris
573 2301 777 2382 Carrrrsinaque
800 2303 831 2362 lit
852 2310 920 2380 toga
944 2303 1045 2372 restis:

262 2401 421 2465 Callaicum
442 2401 513 2465 solis
536 2422 640 2465 aurum
664 2403 796 2482 solisque
818 2411 942 2466 revectae
1003 2428 1008 2435 ·

262 2504 372 2567 littore
394 2505 547 2586 Erytbraeo
570 2512 599 2566 et
620 2505 714 2567 rubeo
737 2507 774 2567 de
796 2509 912 2585 gurgite
934 2525 1074 2585 gemmam

259 2608 384 2688 moysis
405 2609 551 2669 iactantur
573 2627 645 2687 opes
667 2616 696 2668 et
717 2626 849 2687 purpura
872 2609 955 2678 solis:

260 2708 372 2771 Predia
395 2717 464 2771 sunt
485 2709 555 2770 solis
577 2728 694 2771 omnem
719 2711 889 2772 excedentia
912 2709 1029 2780 luxnm;

221 2832 247 2873 rs
261 2810 406 2891 Quicquid
429 2812 582 2893 Hymettos
605 2811 707 2882 habet,
731 2812 867 2891 quicquid
891 2812 1020 2891 lapidosa
1043 2812 1179 2894 Carystos

58 2950 260 2961 ——n

57 3034 220 3101 quandoque
243 3033 347 3102 posite,
375 3033 440 3084 odis
461 3048 528 3084 raro
548 3046 687 3099 nunqnam
750 3032 870 3099 superbe
894 3033 991 3084 Genus
1014 3034 1133 3085 abiectis
1157 3024 1254 3095 ermis,
1278 3038 1343 3102 quie

56 3118 116 3186 plu
133 3134 190 3171 non
212 3120 314 3186 potnit,
338 3117 491 3169 victoribus
508 3118 624 3173 Venetis
646 3122 779 3184 perpetuo
803 3114 835 3183 [l]
859 3118 970 3167 cessit''.
1005 3117 1341 3174 Sabettie.dec.11.lib.1.

56 3203 149 3271 Usque
166 3202 204 3254 nd
221 3218 248 3255 a.
264 3200 336 3254 taos.
350 3218 448 3254 novem
466 3202 542 3253 belis
560 3217 620 3253 curn
634 3202 827 3253 (teanensibus
846 3208 926 3268 gestu
937 3202 1037 3253 Veneti
1048 3202 1177 3255 historici
1188 3211 1341 3258 numerent

55 3286 78 3322 ¹⁸
92 3288 151 3339 im
165 3288 268 3353 sscien
284 3303 345 3339 cnm
357 3289 416 3339 edd.
469 3285 490 3318 ω
508 3285 611 3338 (ironis
629 3291 654 3338 2.
678 3287 800 3338 Cronnin
813 3289 839 3337 3.
867 3285 970 3337 Cronia
983 3291 1008 3338 4.
1037 3288 1167 3340 crumnis
1185 3295 1262 3353 nata,
1282 3293 1300 3342 i.
1315 3308 1340 3343 e.

56 3371 193 3425 mommo
215 3371 274 3424 lilla
291 3372 411 3424 Venetia
432 3371 491 3423 h.l.
505 3372 660 3438 adpelletnr
683 3389 700 3422 n
724 3372 842 3423 Cromna
864 3371 1063 3438 Paphlagoniae
1085 3374 1185 3441 oppido
1204 3373 1341 3442 (Kpcipuoe

54 3456 134 3511 lion.
146 3457 180 3509 ll.
192 3457 230 3510 Π.
240 3455 300 3509 855.
312 3457 437 3524 Apellen
450 3456 536 3508 Rhod.
549 3457 650 3523 Argon.
663 3458 700 3507 11.
713 3456 772 3508 942.
791 3456 861 3508 Plin.
875 3457 910 3506 H.
924 3456 957 3506 N.
972 3457 1016 3507 VI.
1030 3458 1054 3508 2.
1067 3459 1114 3510 1x.
1126 3458 1169 3512 8³.
1183 3459 1257 3526 all),
1277 3477 1341 3528 quo·
1449 3507 1452 3513 .

54 3543 131 3595 nint
152 3542 189 3595 ab
200 3542 320 3595 Heneti·
330 3540 547 3609 Paphlagonieis
559 3543 698 3593 Antenore
717 3542 785 3593 duce
798 3545 826 3592 in
839 3542 950 3593 ltnlinm
963 3543 1138 3594 uenientibus
1149 3546 1269 3598 Venetos
1287 3549 1340 3599 ori·

53 3630 149 3696 mmm
159 3628 262 3680 dnaars
273 3629 406 3680 creditum
420 3633 469 3687 ent,
482 3631 513 3678 nt
524 3642 542 3677 a
554 3627 696 3690 Strabone,
710 3627 799 3679 Plinio
812 3629 871 3690 (VI.
884 3626 951 3692 2².)
966 3632 995 3677 et
1006 3627 1099 3679 Selino
1112 3630 1147 3692 (a.
1157 3630 1210 3694 44.)
1224 3631 1340 3698 aliisque

53 3718 84 3765 et
94 3713 192 3766 (lnrtio
203 3712 267 3778 (111.
281 3712 356 3778 im.)
369 3728 449 3780 quem
460 3713 599 3763 Huttenus
617 3711 712 3764 sedulo
725 3712 844 3778 legebat,
864 3713 980 3764 relatum
993 3713 1118 3780 legimus.
1138 3721 1260 3766 ceterum
1272 3734 1341 3784 prse-

53 3804 180 3853 eenarat
201 3797 357 3853 Sabellicus
381 3797 504 3866 genetbl.
516 3814 543 3849 v.
555 3797 598 3849 53.
608 3797 664 3848 121.
695 3799 770 3849 Idem
794 3798 858 3848 trist,
876 3814 928 3849 rer.
942 3799 1072 3850 Venetnr.
1091 3798 1151 3850 Li.
1176 3800 1340 3863 „Cornelius

51 3885 146 3954 liupo·
163 3886 270 3953 etipse
288 3900 322 3937 ex
339 3884 456 3936 Henetis
475 3883 521 3949 qui
533 3882 678 3934 Cromnam
690 3883 808 3933 Henetis
826 3884 955 3949 oppidum
974 3885 1049 3935 circo
1060 3884 1281 3952 Paphlagoniam
1299 3892 1338 3939 te·

51 3976 181 4037 munt,
191 3971 314 4023 Venetos
325 3986 418 4022 eornm
431 3970 607 4036 cognomines
619 3969 649 4019 in
661 3968 745 4018 ltalia
758 3974 831 4018 ortos
850 3970 1043 4020 existimavit&
1062 3969 1106 4020 cf.
1120 3969 1200 4021 Corn.
1213 3971 1282 4039 Nep.
1290 3972 1338 4024 ed.

51 4055 198 4120 wutron,
216 4055 316 4124 irngm.
329 4056 391 4108 vn.
404 4054 429 4106 b.
469 4053 492 4088 ⁶⁸
510 4054 623 4122 erugine
641 4055 700 4104 edd.
741 4053 762 4086 ⁸⁰
781 4070 894 4120 corpore
914 4058 941 4107 3.
981 4054 1004 4087 ⁷⁰
1020 4054 1137 4105 Betbicn
1153 4056 1213 4107 add.
1229 4056 1339 4109 Boeties

50 4141 119 4193 lm
135 4139 324 4207 (mammete
341 4141 436 4206 Wotie)
454 4156 472 4191 a
489 4141 571 4192 rutilo
591 4139 682 4191 colore
699 4139 795 4190 netiro
813 4141 907 4205 magni
925 4140 1071 4190 aestimata:
1090 4139 1156 4191 Ptin.
1169 4140 1204 4190 Η.
1217 4140 1250 4190 N.
1262 4141 1336 4192 VllI.

49 4223 137 4289 ⁴0³&
149 4225 269 4278 Matini.
281 4223 392 4277 xltob.
405 4224 544 4277 melas.
558 4225 647 4276 lemen.
660 4228 713 4274 net.
726 4225 788 4275 ΧΠ.
795 4223 837 4274 40.
857 4225 927 4274 Item
945 4224 1095 4275 Canusina.
1109 4224 1175 4274 Piis.
1194 4224 1212 4275 l.
1227 4241 1250 4275 e.
1264 4226 1337 4276 Mur·

10 4360 15 4383 ¹
49 4310 192 4364 unt.
206 4309 265 4363 12⁷.
282 4337 316 4349 ·-
332 4310 396 4362 ntis
414 4310 469 4361 init
486 4311 627 4361 Canusino
645 4314 713 4376 toga
730 4308 845 4359 Henrici
862 4309 928 4359 1111.
942 4310 1008 4374 imp.
1076 4307 1097 4341 ⁷¹
1117 4308 1208 4360 Callai
1231 4319 1291 4361 enm
1309 4315 1336 4363 4.

49 4396 94 4448 De
110 4394 248 4448 Gellnlein
265 4395 430 4448 aurifodinis
447 4395 484 4447 ci.
499 4396 570 4447 Plin.
582 4397 618 4446 H.
632 4396 664 4447 N.
678 4394 805 4445 xxxtrt.
819 4395 883 4455 4‚²t.
941 4393 963 4425 ⁷¹
980 4392 1107 4460 Erithreo
1120 4398 1143 4444 1.
1162 4394 1298 4459 Erythreo
1310 4401 1335 4450 4.

48 4481 93 4533 Da
110 4481 272 4549 margurltls
288 4482 496 4549 nmsregdieque
514 4481 652 4547 Erythraei
670 4498 690 4533 s.
710 4480 784 4530 rubri
801 4479 884 4530 meris
904 4477 1049 4544 (gurgitis)
1069 4480 1106 4530 ci.
1119 4479 1236 4532 Martini
1248 4481 1280 4533 V.
1293 4480 1334 4535 37.

48 4565 83 4619 Χ.
98 4563 139 4618 lb.
156 4565 439 4629 mentemque.
461 4568 591 4619 Claudiam
604 4567 669 4618 1111.
684 4581 759 4616 cons.
772 4566 875 4615 Honor.
888 4562 946 4615 563.
962 4579 985 4613 e.
999 4565 1117 4630 interpp.
1169 4563 1192 4598 ¹⁸
1214 4565 1334 4632 Assyrius

48 4666 130 4720 opas:
147 4664 278 4720 pnrpnrn,
297 4652 374 4716 ebur,
393 4667 497 4714 anrnrn,
517 4657 649 4714 aromata,
662 4652 797 4711 belesma,
815 4650 884 4712 suci,
904 4650 1034 4708 cortices,
1053 4650 1169 4702 fruetus.
1220 4648 1242 4684 '⁴
1260 4652 1333 4704 Prsa-

48 4737 108 4789 itt·
126 4740 199 4789 2...4.
268 4734 291 4770 ¹⁸
307 4736 464 4804 Hymettns]
483 4738 586 4789 Imetus
603 4739 661 4789 edd.
680 4738 782 4787 Atticae
800 4751 877 4786 mous
895 4734 987 4799 thymo
1005 4736 1169 4803 floribusque
1188 4740 1217 4786 et
1234 4739 1334 4805 apibus

1041 4828 1107 4890 19*
