3270 5354
484 368 586 404 result
600 369 625 402 Χ.
645 368 681 402 ΑΙ)
694 368 797 403 POETAS
805 367 965 419 pensuros.
1320 336 1367 406 73

288 526 330 587 n'e
353 533 449 586 tamen
472 524 600 585 offendat
621 530 689 585 tuus
711 523 758 583 hic
781 529 809 583 te
832 522 980 583 Tuudalus
1002 524 1095 584 lrostis
1256 518 1369 598 lrmau.

240 649 276 689 rm
371 628 408 688 Et
429 627 505 688 male
527 632 661 703 suscepta
685 633 770 702 cogat
791 624 874 723 abjpp
895 624 953 694 via,

288 730 388 791 llivius
410 730 445 790 ad
469 729 554 807 palii
576 729 653 805 (pote
676 640 962 929 οῑ-’Ἳιωᾭν
873 700 1061 889 durs
1068 729 1185 806 urgi
1258 725 1371 807 lippe

373 833 534 892 llessorum
556 828 672 909 populis
695 830 752 889 larn

287 932 400 993 Videris
423 933 518 1002 huno,
542 951 597 1010 per
618 950 669 992 eos
690 939 804 997 montes
810 916 893 1046 ppte
1067 949 1190 1001 arura,
1242 903 1371 1018 ymb·

238 1056 274 1096 rur
369 1034 430 1105 Qua
455 1052 546 1094 novus
568 1034 725 1112 hospitium
750 1030 877 1110 Longius
900 1050 935 1092 au
1019 1010 1111 1101 hbet,

287 1138 415 1215 langius
437 1143 466 1197 et
488 1143 566 1197 ratos
588 1143 617 1195 et
639 1136 768 1214 equestri
788 1141 942 1194 stemmate
964 1141 1064 1203 natus,

287 1238 290 1244 '
370 1238 406 1298 Et
427 1256 487 1298 non
510 1237 628 1315 vulgare
651 1239 679 1298 in
702 1237 832 1297 carmine
855 1235 971 1314 pondus
993 1235 1121 1305 habens;

287 1340 349 1410 Qua
370 1359 460 1419 super
481 1341 631 1417 ingenium
654 1341 798 1400 Germana
822 1337 919 1399 nobile
942 1339 1031 1407 lama,

239 1462 275 1502 ror
369 1442 530 1510 anebius,
554 1448 620 1501 ante
643 1440 729 1509 alios,
754 1441 881 1501 carmina
904 1439 1008 1501 scribit
1030 1459 1134 1519 eques
1231 1438 1371 1522 impp·

289 1544 448 1610 bruschius,
471 1542 576 1603 lleolils
598 1541 708 1601 validus
726 1542 800 1627 'dare
823 1541 953 1620 qtorrrlera
977 1543 1089 1612 nerriS,
1119 1602 1132 1615 ,

373 1643 531 1711 Busclrius‚
555 1643 637 1703 heroi
660 1643 831 1721 pernicitate
853 1643 951 1720 perlis,

288 1746 448 1814 Busclrius,
472 1746 589 1822 ingenio
613 1746 693 1805 vivax
717 1751 759 1814 et,
783 1744 941 1812 Boethius,
966 1763 1034 1812 ore,

239 1869 274 1908 rus
371 1847 530 1915 llusclrins,
554 1847 672 1924 antiquo
695 1849 848 1907 stemmate
870 1853 955 1906 natus
978 1866 1082 1926 eques;
1108 1876 1109 1879 ¹

287 1949 320 2008 El
344 1950 437 2028 patria
461 1950 577 2009 iunctus
599 1944 717 2007 volucer
740 1947 920 2008 blurnrellius
943 1947 1000 2017 illi,

371 2048 424 2120 Qui
447 2051 573 2109 novitate
597 2048 669 2127 elegi
692 2050 829 2108 carminis
851 2056 938 2127 auget
960 2067 1048 2127 opas;

286 2151 400 2230 Quique
422 2169 507 2211 sunm
531 2151 615 2210 vertit
637 2168 736 2210 sacras
757 2150 912 2211 Montanus
935 2151 970 2210 ad
994 2151 1065 2212 odas

236 2273 271 2312 na
368 2254 507 2322 Carmen,
532 2255 701 2331 etantiqua
724 2253 842 2312 numina
866 2269 948 2312 nrore
972 2253 1057 2313 canit.

84 2373 285 2383 ‚m———aen

152 2423 185 2457 ¹⁵⁵
202 2426 245 2474 De
263 2423 388 2473 'l'nndslo
406 2423 500 2488 paullo
520 2428 583 2472 snte
602 2422 704 2471 dictum
725 2425 767 2470 est
786 2421 819 2472 ad
838 2437 863 2470 v.
881 2420 936 2471 lau.
1002 2420 1034 2453 ¹⁵⁶
1052 2423 1172 2490 [ultorpto
1191 2429 1215 2476 1.
1273 2427 1305 2461 ¹⁵²
1322 2427 1367 2483 11.

85 2524 134 2562 uus
147 2512 170 2559 1.
183 2510 232 2559 sed
243 2510 317 2558 llutt.
331 2515 356 2558 et
369 2515 426 2558 cett.
439 2525 470 2557 m.
482 2524 551 2558 corr.
570 2507 707 2557 Henriens
720 2513 810 2571 aperte
824 2509 847 2556 1.
868 2522 914 2556 nec
926 2509 958 2556 de
971 2510 1067 2558 tremine
1080 2510 1176 2560 Rivius
1194 2511 1305 2562 dabiram
1318 2521 1369 2568 est.

85 2595 180 2661 itaque
194 2575 282 2658 neque
301 2593 334 2642 de
348 2593 445 2643 Ioanne
459 2593 538 2642 Rivio
551 2591 763 2642 Attendornonsi
783 2589 902 2655 (rectore
917 2608 1006 2657 gymn.
1020 2576 1178 2658 Misueusis,
1197 2597 1215 2657 †
1229 2614 1254 2648 s.
1271 2597 1366 2665 leot),

83 2680 117 2730 de
137 2669 189 2745 quo
207 2684 308 2744 praeter
325 2679 430 2743 scripte
443 2693 459 2726 o
471 2677 612 2727 Mohnikio
625 2695 650 2741 p.
664 2675 721 2726 478.
741 2675 856 2725 laudata
873 2676 993 2726 videnda
1007 2681 1049 2727 est
1060 2678 1205 2730 Periandri
1219 2681 1370 2736 Germanis¹

83 2781 108 2830 p.
122 2764 180 2814 aba.
193 2780 233 2828 sq.
252 2763 289 2813 et.
303 2763 386 2812 etium
401 2762 590 2812 Hsmelmann.
610 2778 635 2827 p.
650 2760 708 2825 3311.
725 2761 807 2821 1422,
827 2776 914 2826 neque
933 2762 966 2811 de
980 2762 1047 2813 nuto
1065 2777 1086 2813 s.
1102 2763 1207 2816 Ecca-icto
1226 2766 1368 2821 (30111οὸ1-

84 2849 254 2910 utenburam,
274 2847 416 2898 notissimo
434 2853 516 2911 poete
535 2852 563 2897 et
575 2847 689 2909 medico,
710 2847 759 2896 hos
771 2846 839 2896 dnos
852 2861 948 2896 versus
962 2862 1023 2897 cum
1035 2847 1178 2898 Mohnlkio
1191 2849 1309 2918 aliisque
1322 2871 1367 2906 sc-

83 2936 164 3000 cipio,
180 2950 240 2983 cum
253 2932 404 2998 praesertim
418 2932 464 2982 hic
478 2933 561 2982 Henr.
568 2932 664 2981 Rivius
678 2931 723 2981 ‘ad
735 2931 807 2981 vada
819 2931 889 2980 durs
899 2931 1020 2997 Visurgi’
1032 2932 1181 2996 (Hersordt
1194 2936 1264 3000 qnod
1277 2943 1369 2990 tomen

82 3018 210 3084 oppidum
230 3017 370 3081 sVisurgi
388 3032 472 3082 supra
482 3017 542 3066 .duo
555 3016 675 3065 miliaria
689 3016 776 3072 abest,
795 3016 865 3065 uude
879 3017 970 3081 potius
983 3016 1088 3066 Mindon
1101 3017 1178 3067 innui
1191 3019 1304 3088 dixeris)
1322 3040 1369 3089 ps-

83 3096 163 3153 trisni
182 3103 312 3153 habuisse
331 3102 448 3151 dicutur.
502 3099 534 3133 ¹⁵⁵
552 3101 645 3149 Prima
664 3101 739 3149 fnms
752 3099 882 3149 Eobsnus
901 3101 1016 3149 estsine
1035 3099 1126 3151 dnbio.
1146 3102 1240 3168 itaque
1258 3106 1326 3170 ipse,
1345 3110 1369 3159 si

81 3205 130 3254 per
143 3193 254 3253 spertss
265 3186 374 3235 litteras
386 3185 493 3247 liceret,
507 3184 540 3234 de
550 3184 756 3233 EuricioCordo
770 3183 889 3248 elogium
899 3184 1016 3232 Hutteni
1029 3183 1234 3250 interpretarer.
1269 3188 1301 3221 ’Μ
1313 3193 1369 3243 Me.

81 3274 133 3323 rito
152 3272 309 3323 celebratur
327 3287 345 3320 s
367 3270 473 3332 multis,
499 3271 572 3319 inter
589 3284 658 3333 quos
675 3268 918 3328 Hsmolmannum,
937 3267 1104 3332 Erlmrdum,
1129 3268 1285 3324 Cornelium
1309 3275 1368 3340 (Die

82 3359 177 3408 tltrinst.
192 3358 359 3407 Humanisten
375 3352 509 3418 stranea)
528 3355 685 3404 nominasse
702 3355 748 3404 hic
767 3352 879 3416 suflicit,
899 3353 999 3403 nobilis
1018 3354 1063 3405 hic
1075 3355 1237 3420 Westialns,
1257 3359 1369 3413 Thomas

81 3459 98 3492 s
116 3442 230 3507 Kempis
242 3441 408 3506 discipulus,
425 3440 570 3490 scribendo
586 3439 762 3504 docendoque
772 3439 1016 3504 praestantissimus
1027 3445 1183 3506 praeceptor
1195 3444 1368 3499 eruditionis·

81 3543 132 3592 qne
147 3526 220 3576 ultra
235 3526 352 3591 petriani
371 3529 555 3576 excrescentis
568 3540 676 3591 parens,
696 3525 924 3575 blonasteriensis
937 3524 1039 3575 scholae
1053 3524 1223 3578 cathedralis
1236 3530 1367 3584 conditor.

80 3614 201 3662 Mortuus
216 3614 259 3660 est
272 3610 306 3659 sb
320 3610 472 3675 aequnlibus
485 3610 574 3661 doctis
587 3611 653 3660 viris
666 3626 778 3676 quorum
791 3609 864 3660 baud
883 3624 1031 3675 paucorum
1049 3616 1203 3677 prseceptor
1220 3614 1321 3681 fuerat,
1340 3618 1368 3669 in

18 3715 24 3723 ·
82 3711 186 3746 summo
204 3695 306 3745 honore
325 3695 436 3745 habitus
449 3696 611 3745 Moussterii
630 3712 655 3745 s.
671 3694 744 3746 1519.
758 3702 802 3746 aet.
817 3693 857 3744 81.
912 3693 945 3727 ¹⁶⁰
963 3699 1059 3745 auctor
1071 3700 1095 3746 2.
1105 3700 1131 3747 3.
1183 3695 1216 3730 ¹⁸⁴
1232 3700 1368 3753 Busehius

80 3780 212 3844 Colonioe,
231 3772 401 3838 Hammonis,
420 3782 591 3838 Mouasterii‚
610 3781 725 3842 Bremae,
739 3781 901 3846 Hamburgi,
920 3781 1055 3842 Lubente,
1068 3782 1217 3845 Rostochii,
1237 3784 1367 3852 Gryphis·

79 3867 169 3924 wsldi,
180 3865 356 3916 b'runcoiurti
371 3865 405 3914 ud
415 3866 553 3928 Visdrum,
564 3866 676 3925 Erfurti,
690 3867 803 3932 Lipsius,
815 3865 1023 3932 Wittenbergae,
1035 3866 1189 3930 Bruusvici,
1200 3868 1329 3931 Vessllse,
1339 3872 1367 3922 iu

80 3951 232 4002 Hellandis
251 3955 278 4000 et
291 3950 392 4016 Anglia
410 3952 511 4014 docuit,
532 3951 581 4002 sod
600 3966 659 4001 cum
673 3952 742 4017 Epp.
757 3951 789 4002 0.
802 3952 834 4000 V.
848 3951 1035 4002 scriberentur
1048 3953 1093 4015 (11.
1106 3951 1207 4016 turm),
1226 3953 1368 4006 coloniam

79 4051 204 4087 reversus
218 4037 317 4086 lucret.
347 4037 470 4086 Mortuus
483 4043 526 4086 est
537 4035 644 4086 Dulmae
663 4033 964 4087 a.1534.oetfereoo.
1000 4036 1043 4084 De
1062 4037 1120 4086 ritu
1138 4037 1200 4089 vide
1214 4039 1291 4105 impr.
1311 4040 1367 4091 Hs-

78 4121 275 4180 melmannum,
293 4121 494 4185 Burchsrdurn,
513 4121 677 4180 Erbardum,
698 4121 865 4171 Cornelium.
931 4118 963 4153 ¹⁸⁵
981 4120 1068 4174 estiis
1081 4125 1104 4171 1.
1124 4120 1201 4173 Aeol.
1214 4139 1241 4189 p,
1252 4143 1288 4169 =
1299 4125 1367 4191 Ssp·

78 4204 140 4271 pho.
160 4205 285 4256 Aeolium
299 4220 409 4255 carmen
421 4225 457 4249 =
467 4205 643 4271 Sapphicum.
681 4205 713 4239 ¹⁸⁸
726 4208 748 4255 Ε
762 4202 844 4271 gente
857 4222 904 4256 uon
917 4209 972 4255 dem
986 4206 1106 4257 Bussrhe.
1143 4205 1175 4239 ¹⁶⁸
1187 4207 1366 4272 Murmellius,

78 4290 162 4356 Hegii
175 4289 337 4356 discipulus,
346 4291 743 4356 smicusLsngiiBusclriiqae‚
752 4289 1112 4355 qui„0nrminablnrmellii
1124 4292 1224 4357 priscis
1233 4295 1365 4359 sequenda
1437 4320 1447 4332 .

77 4376 183 4441 poetis''
203 4377 320 4435 censuit,
338 4376 473 4440 hodieque
488 4378 560 4425 inter
572 4375 727 4442 philologos
739 4391 793 4424 non
807 4376 951 4425 obscurum
964 4391 1062 4425 nomen
1073 4376 1167 4440 babet,
1187 4378 1319 4443 imprimis
1331 4381 1365 4432 de

76 4463 173 4511 Persio
187 4461 294 4511 meritis
306 4461 371 4510 suis.
400 4461 503 4510 Docuit
515 4460 670 4524 Alemariae,
683 4461 855 4525 Monosterii,
868 4460 1038 4511 Daveutriae.
1057 4461 1191 4527 Elegiscs
1204 4465 1327 4515 carmina
1340 4471 1368 4515 et

76 4551 199 4596 veterum
209 4551 352 4612 poetarum
364 4545 451 4595 edidit
461 4550 489 4595 et
499 4546 558 4612 ipse
569 4547 722 4611 conposuit,
735 4545 845 4609 aliaque
856 4560 909 4594 uon
922 4561 1019 4609 pauca.
1039 4546 1147 4597 Eihnrd
1154 4549 1201 4598 ΙΙΙ.
1209 4565 1234 4614 p.
1245 4547 1300 4598 loa.
1308 4565 1364 4615 sqq.

75 4630 97 4679 Α
112 4630 175 4680 Ger.
190 4631 292 4681 Listrio
304 4646 410 4681 veneno
423 4633 573 4682 extinctum
592 4647 653 4682 csse
671 4630 813 4695 aequalium
832 4629 948 4696 suspitio
968 4632 1027 4681 fuit.
1041 4633 1059 4693 †
1073 4649 1097 4682 a.
1114 4633 1186 4683 1517.
1217 4633 1261 4684 Cf.
1275 4634 1365 4684 adnot.

76 4714 109 4764 de
128 4716 242 4766 Busehii
261 4717 385 4782 epicedio
405 4716 478 4767 intro
496 4735 521 4784 p.
535 4717 577 4767 84.
590 4732 648 4783 sqq.
666 4717 793 4783 positam.
851 4714 980 4782 Ruraem.]
997 4716 1062 4771 lut.
1082 4722 1105 4769 1.
1177 4717 1206 4753 ¹²¹
1231 4718 1366 4770 Hearicua
1404 4786 1409 4798 .
