3270 5354
60 367 154 404 mam
165 366 307 403 vnnnottte
318 367 424 402 CYUBRI
435 366 536 403 evuli!
547 367 583 402 DE
592 366 811 404 navemntnnon.
823 367 947 403 avenant
958 369 992 404 BT
1003 368 1104 405 CHVNB·
1113 367 1246 406 SABGTOB·
1283 339 1357 411 467

61 535 187 585 nostram
216 530 326 584 inurere
354 535 382 583 et
404 544 520 601 quaeque
547 529 678 601 pessima,
710 527 783 601 quod
812 528 894 591 lacis,
931 530 957 584 in
986 546 1037 585 nos
1065 529 1241 587 disseminare
1270 539 1359 606 potes,

61 632 142 689 poena
166 622 193 670 te
214 621 321 676 manet,
344 630 411 670 snos
433 630 487 669 non
511 613 614 669 inultos
636 613 774 685 relinquet
795 613 927 669 Christus.
957 614 1088 671 blartiuus
1110 615 1253 679 Lutberns,
1277 619 1359 673 hemo

60 700 104 757 dei
126 706 155 756 et
169 698 270 756 Christi
292 699 444 772 apostolus,
467 707 561 754 noster
583 706 640 760 est;
663 714 733 760 eum,
757 698 845 772 quoad
868 718 883 755 a
903 699 1012 755 Christo
1034 716 1089 755 non
1111 700 1262 764 desciverit,
1286 702 1359 777 quod

61 785 89 841 in
111 792 247 860 perpetuo
271 801 326 840 non
342 785 464 841 facturus
488 793 538 846 est,
561 783 735 840 defendemus
758 791 786 839 et
808 784 1050 857 propugnabimus,
1074 800 1107 840 ne
1130 787 1155 841 in
1172 787 1358 843 famelicorum

38 870 158 926 edentes
180 868 328 927 crudeliter
350 868 419 926 tradi
441 871 538 943 possit.
562 868 630 935 Vos,
653 868 784 924 liberrimi
807 868 1002 926 Germanorum
1024 885 1161 943 proceres,
1184 890 1240 934 vos,
1263 875 1418 946 partricem

61 958 135 1015 cives
157 962 186 1010 et
209 957 376 1029 municipes,
400 953 497 1011 oeulos
519 954 588 1011 crelo
613 954 767 1015 sustollite,
791 955 837 1028 qui
855 971 973 1029 superne
988 960 1038 1011 eos‘
1059 954 1136 1011 vobis
1152 959 1274 1030 aperuit,
1298 974 1360 1031 gra·

62 1042 116 1097 tias
138 1040 190 1096 deo
214 1048 341 1114 agentes,
371 1055 426 1114 quo
450 1039 558 1096 occasio
582 1039 672 1113 aliqua
694 1039 773 1095 nobis
805 1039 894 1096 oblata
917 1042 953 1095 sit
976 1039 1105 1096 ltalorum
1134 1043 1303 1115 tyrannidem
1333 1051 1360 1098 et

61 1125 282 1183 Romanistarum
306 1123 485 1181 insatiabilem
509 1125 632 1181 avariciae
655 1124 810 1196 voraginem
834 1125 903 1182 elabi
927 1141 1023 1198 posse:
1045 1125 1113 1180 nulli
1137 1126 1176 1182 rei
1193 1134 1296 1183 tantum
1320 1130 1360 1184 in·

59 1209 227 1284 vigilandum
250 1226 331 1284 quam
354 1217 384 1266 ut
407 1225 469 1270 eos,
493 1211 539 1283 qui
562 1210 648 1266 nralos
672 1226 762 1266 mores
784 1209 939 1267 civitatibus
963 1210 1128 1273 intulerunt,
1150 1211 1247 1285 procul
1269 1213 1359 1287 expel-

27 1306 52 1347 ro
61 1293 134 1352 lant:
158 1294 191 1351 ad
213 1296 276 1352 vitia
299 1295 406 1368 quidem
429 1311 490 1350 curn
514 1311 607 1350 omnes
630 1297 773 1369 proniores
797 1312 905 1353 sumus.
931 1303 986 1350 tum
1002 1298 1308 1370 pracipuecatervatim
1331 1300 1357 1353 in

60 1396 93 1438 ea
114 1382 235 1442 ruimus,
264 1380 309 1436 ubi
332 1382 379 1454 qui
402 1396 492 1435 rerum
514 1380 660 1453 potiuntur
682 1389 709 1435 et
731 1380 856 1452 religioni
887 1396 1006 1454 praeesse
1027 1380 1182 1452 gloriantur
1209 1386 1311 1457 passim
1333 1391 1361 1438 et

61 1465 173 1542 publice
188 1474 314 1540 peceant,
338 1482 454 1539 qnorum
477 1465 567 1521 studia
590 1466 616 1521 bi
638 1465 670 1522 ad
687 1483 716 1520 sc
732 1482 786 1520 nou
802 1473 973 1522 convertunt.
997 1465 1135 1539 praecidite
1150 1482 1216 1539 crgo
1232 1469 1360 1524 vitiorum

61 1551 154 1625 capita
176 1559 204 1607 et
225 1560 268 1608 tot
283 1567 407 1607 errorum
423 1558 548 1612 autores,
572 1559 602 1607 ut
625 1550 744 1624 populus
761 1551 792 1606 ad
808 1551 907 1607 Christi
924 1551 1129 1625 praescriptum,
1153 1552 1224 1608 uude
1239 1551 1361 1626 aliqnan-

62 1635 110 1692 diu
134 1636 167 1693 ad
189 1635 262 1694 idola
283 1636 420 1693 adoranda
444 1635 577 1691 abductus
594 1644 652 1696 est,
675 1634 744 1690 bene
759 1635 892 1709 beateque
907 1637 985 1696 vrivat,
1008 1637 1136 1698 avaricia.
1159 1636 1224 1693 luxu
1241 1646 1268 1693 et
1284 1640 1361 1710 igno·

29 1720 152 1778 terantia
181 1739 196 1779 a
225 1720 334 1795 templis
363 1722 531 1794 proscripta,
563 1719 683 1794 populus
706 1729 799 1776 mutua
823 1720 997 1782 liberalitate,
1033 1721 1095 1777 vitae
1117 1723 1276 1779 castimonia
1298 1741 1359 1779 eum

61 1806 174 1863 Christo
197 1808 335 1880 sapienter
356 1814 462 1864 natatem
480 1805 613 1861 instituat.
637 1805 694 1861 lloe
709 1805 807 1862 clamat
831 1802 919 1861 omnis
942 1805 1075 1879 populus,
1099 1807 1178 1863 cuius
1201 1824 1294 1864 vocem
1316 1805 1429 1864 (tertii.

62 1907 157 1950 vocem
171 1907 233 1948 esse
248 1889 360 1948 oraculo
376 1893 428 1947 iam
448 1891 454 1960 Ι
473 1891 536 1947 οΙὶιῐι
559 1889 697 1964 proditum
720 1899 770 1945 est.
795 1890 848 1946 Vos
870 1894 981 1954 interea,
1005 1891 1101 1966 optimi
1124 1891 1256 1954 Germani,
1281 1909 1360 1950 aures

62 1984 168 2034 vestras
183 1976 287 2051 Ulyssr's
310 1977 433 2050 exemplo
456 1976 489 2031 ad
506 1976 610 2048 antiqui
634 1975 761 2031 draconis
784 1975 892 2031 sibilum
910 1975 1051 2037 obturate,
1075 1980 1284 2052 necquicquam
1301 1980 1360 2034 viro

62 2060 139 2119 hono
160 2070 189 2118 et
209 2061 363 2118 Christiano
386 2060 526 2134 indignum
542 2060 574 2115 de
589 2059 709 2116 Luthero
733 2060 760 2117 iu
783 2061 899 2116 animum
917 2060 1067 2135 concipite:
1091 2063 1148 2118 seio
1165 2079 1360 2138 usquequaque

28 2152 270 2223 ”tempestuosos
290 2148 376 2203 austri
400 2146 480 2201 llatus
495 2147 596 2202 circum
614 2143 787 2218 obstrepere,
811 2146 856 2218 qui
873 2144 975 2201 homini
991 2146 1115 2203 invidiam
1132 2149 1249 2204 excitare
1264 2150 1361 2204 enixis·

63 2231 132 2288 sime
146 2231 281 2294 laborant,
304 2231 352 2287 sed
366 2231 491 2287 Christus
506 2247 561 2286 non
576 2230 728 2304 permittit;
751 2229 832 2286 audio
848 2230 934 2286 indies
949 2230 983 2286 de
1004 2232 1196 2296 sacramentis,
1219 2233 1253 2288 de
1269 2235 1361 2290 matri·

63 2319 172 2381 monio,
194 2317 229 2372 de
250 2323 402 2391 potestate,
426 2317 540 2390 imperio
563 2323 590 2370 et
612 2317 775 2389 magistratu
798 2316 964 2390 antiquando
989 2317 1015 2372 in
1039 2332 1100 2372 eum
1123 2318 1283 2375 aemulorum
1306 2317 1361 2375 cla·

63 2418 170 2467 mores,
194 2419 263 2476 quos
285 2403 357 2458 inter
380 2401 522 2457 blurnarus
546 2400 592 2456 ille
616 2401 802 2460 Franciscanaa
824 2401 952 2458 factionis
974 2402 1139 2463 monachus,
1162 2405 1290 2475 egregius
1312 2403 1361 2459 bo·

62 2504 161 2544 norum
177 2487 320 2549 «leccator,
344 2487 423 2543 etiam
440 2487 466 2542 in
484 2487 568 2542 sacris
584 2487 731 2543 tractandis
746 2486 940 2543 celeberrimus
964 2486 1145 2561 sycophanta,
1175 2505 1262 2562 nuper
1284 2488 1362 2544 libel·

29 2571 122 2629 ”lum
144 2571 228 2630 edidit
249 2588 398 2647 suppresso
420 2574 544 2633 nomine,
568 2573 636 2627 mire
659 2574 794 2646 ineptum,
817 2572 864 2628 sed
888 2589 942 2646 quo
965 2572 1080 2629 rudibus
1102 2572 1242 2646 imponere
1263 2575 1360 2647 possit.

63 2657 101 2715 Tc
123 2674 175 2732 per
195 2657 333 2714 Christum
356 2656 499 2718 obtestor,
522 2658 568 2729 qui
592 2656 707 2713 llartino
733 2657 801 2713 male
825 2657 879 2719 vis,
904 2657 1062 2731 priusquam
1079 2656 1153 2714 illius
1170 2658 1271 2732 scripta
1287 2657 1360 2714 dam·

62 2758 126 2806 nes,
150 2760 181 2800 ea
203 2742 281 2818 prius
304 2759 355 2798 nec
377 2741 554 2798 tumultuarie
569 2741 671 2813 legito:
695 2741 860 2815 dispeream,
884 2742 977 2796 sinon
993 2742 1073 2815 plane
1088 2744 1196 2798 mentiri
1212 2759 1261 2798 eos
1277 2741 1359 2805 dicas,

64 2829 111 2901 qui
134 2826 322 2902 imprudenter
345 2844 416 2883 nunc
438 2827 622 2883 vociferantur
644 2826 791 2882 Lutlverum
818 2842 924 2882 omnem
947 2834 1112 2899 potestatem
1128 2835 1155 2882 et
1169 2829 1359 2900 magistratum

63 2912 132 2968 velle
153 2912 278 2973 abolore,
309 2911 407 2968 Caesam
436 2920 463 2966 et
492 2911 618 2968 omnibus
647 2910 817 2984 principibus
841 2913 984 2982 negocium
1008 2910 1166 2973 instituere,
1197 2911 1359 2968 seditionem

30 3005 177 3071 ereptare,
200 2997 234 3054 ad
250 2996 468 3053 tumultuantium
487 2996 593 3070 plebem
616 2995 769 3057 exhortari,
793 2995 913 3052 Socratis
930 2995 1138 3069 rempublicam,
1162 2998 1282 3052 caninam
1299 2994 1360 3050 libi·

62 3082 152 3138 dinem
175 3082 319 3144 reducere,
342 3081 469 3138 mulieres
494 3098 652 3137 communes
675 3082 777 3142 iacere,
801 3081 1003 3137 matrimonium
1026 3081 1145 3142 elevare,
1169 3099 1244 3138 sacra
1268 3082 1358 3136 omnia

60 3167 243 3242 prophanare.
267 3165 333 3235 Quis
357 3175 409 3223 tam
432 3165 587 3234 eluscatus,
610 3175 641 3222 ut
664 3184 717 3222 vion
741 3166 842 3227 rideat,
865 3165 936 3221 unde
952 3165 971 3221 ii
985 3167 1058 3220 renti
1074 3166 1249 3222 exoriantur?
1272 3181 1359 3240 propo

61 3268 141 3308 mons
174 3260 230 3315 est,
267 3252 364 3308 borum
393 3251 506 3308 llatuum
530 3254 662 3313 emissor,
697 3252 813 3308 vicinum
844 3250 948 3307 habetis
981 3249 1096 3307 Ethnam
1127 3251 1196 3308 hanc
1224 3250 1358 3307 llammam

60 3336 254 3394 eiaculantem:
278 3354 326 3393 vos
349 3339 477 3412 spiritus.
500 3338 629 3412 probate,
653 3355 686 3393 an
710 3353 740 3392 en
763 3337 814 3392 deo
838 3337 900 3392 sint.

27 3595 113 3638 anos
131 3587 314 3639 disseminare
331 3593 425 3654 potes,
446 3592 474 3639 ct
493 3588 564 3653 qnod
584 3588 655 3637 iacis
673 3602 767 3652 perge.
799 3602 881 3651 poena
900 3590 927 3636 tc
945 3586 974 3636 in
992 3587 1064 3637 diem
1083 3591 1185 3649 manet,
1205 3587 1357 3637 ulciscetur

60 3687 125 3723 snos
144 3671 281 3724 Christus.
299 3673 369 3734 Vos,
390 3672 524 3723 liberrimi
544 3673 699 3722 Germanica
723 3687 868 3737 proceres¹
893 3686 960 3736 quos
979 3670 1105 3721 Christus
1129 3675 1210 3720 tanta
1234 3671 1355 3736 caligine

59 3756 193 3807 Romania
216 3758 323 3808 fraudis
347 3758 455 3822 eripere
480 3758 571 3822 cupit,
596 3772 678 3806 aures
700 3758 846 3807 venenatis
870 3755 1046 3820 serpentibus
1069 3771 1123 3806 non
1146 3755 1283 3821 praebete,
1309 3757 1356 3821 qui

59 3843 129 3891 mira
146 3841 277 3892 damonia
300 3841 456 3893 ealliditate
476 3841 616 3892 Christum
639 3840 800 3906 prohibero,
825 3841 978 3891 avariciam
995 3841 1150 3891 Romanam
1174 3841 1259 3890 tutari
1281 3841 1356 3891 omni

59 3932 120 3977 arte
138 3926 297 3978 studebunt.
332 3926 443 3980 Valete.

62 4062 266 4071 ——-————-

127 4163 149 4196 ²³
169 4165 206 4216 cf.
219 4164 273 4216 vol.
287 4164 353 4215 1111,
368 4181 393 4230 p.
408 4162 468 4214 629.
482 4166 521 4226 §5-
534 4164 575 4214 27.
589 4163 631 4213 28.
