3270 5354
174 382 247 454 336
413 411 537 447 nvrrtttt
551 410 719 447 ΜΙΙΔΝΙΑΙ
733 410 848 447 ttottnvtt
861 410 1059 447 ὓΙῦΙΙΙΙΔΙΙΙ
1072 411 1228 447 ”Iolcu-

373 567 536 645 Tempora,
560 575 589 627 et
610 567 747 626 Ausoniis
768 566 930 627 stridebant
953 566 1079 628 barbam
1101 567 1212 644 tinguis

374 668 540 737 blurmura,
564 667 613 728 ubi
637 686 744 728 currus
765 652 897 729 simulata
920 668 1052 748 trophea
1074 669 1206 748 pudendi

335 790 360 830 rs
375 770 456 830 Pone
478 769 691 848 sequebantur,
716 771 934 848 {ingentemque
958 772 1012 830 ista
1035 771 1159 849 praeibat

373 871 462 931 Plebs
483 889 537 932 sua
560 874 700 932 rictorem
716 874 896 933 Germanum
919 873 1030 933 imitata
1054 889 1226 933 susurrum:

373 973 438 1034 Non
460 973 524 1035 hoe
546 973 693 1034 clarorum
717 982 825 1052 praeter
847 981 889 1033 tot
911 973 988 1034 milia
1011 982 1129 1053 patrum

373 1074 494 1152 Cognita
518 1076 595 1136 lacta
618 1075 730 1145 forent,
754 1077 897 1137 sciremus
919 1085 952 1136 ut
973 1076 1078 1137 ordine
1101 1085 1182 1155 gesta

373 1177 496 1256 litque
518 1176 593 1238 bella
617 1178 709 1247 sient,
732 1194 789 1238 uec
812 1196 885 1256 gens
907 1183 1019 1238 tantum
1042 1178 1100 1239 ulla
1120 1177 1254 1258 loquacis

335 1300 362 1339 ao
378 1279 528 1340 Scriberet
551 1279 695 1339 lristoriae:
719 1297 811 1350 nunc,
836 1297 902 1341 curn
926 1279 1025 1341 lacere
1046 1280 1155 1361 inclyta
1180 1280 1284 1348 nobis.

373 1381 512 1442 Scribere
534 1399 600 1441 sors
622 1379 685 1441 aliis
707 1382 835 1451 dederit,
859 1382 1017 1442 Germania
1039 1390 1135 1443 tantas

371 1482 535 1544 Perdiderit
557 1500 685 1562 pugnas,
709 1492 739 1543 et
760 1501 826 1561 qum
848 1483 1008 1545 clarissima
1030 1485 1180 1563 quondam

376 1584 522 1655 Coniecit,
545 1584 667 1653 lateant,
692 1585 819 1646 obscura
841 1587 871 1646 iu
894 1586 974 1647 nube
997 1587 1108 1647 leretur

375 1685 447 1756 une
469 1687 603 1765 patribus
625 1690 717 1749 nnus
739 1688 793 1748 luit
814 1694 865 1748 aut
887 1706 953 1766 quae
975 1687 1084 1766 gloria;
1109 1705 1198 1748 nemo

336 1807 363 1849 ae
378 1789 473 1849 Possit
494 1787 531 1850 ab
553 1790 673 1867 antiquo
696 1791 873 1851 Germanum
896 1791 1055 1851 extendere
1077 1789 1210 1857 laudem;

375 1892 530 1969 ditigerint
551 1889 648 1952 nullos
670 1901 803 1952 veterum
826 1894 1005 1953 monimenta
1027 1901 1165 1971 nepotes,

376 1992 467 2072 ldque
490 2011 594 2054 errore
616 2002 750 2072 patrum:
774 1978 850 2064 Nos,
873 2012 932 2072 quo
954 2012 991 2055 ne
1014 1993 1122 2054 oblirio
1143 1995 1238 2056 nostri

373 2093 529 2172 Temporis
551 2094 704 2164 obscuret,
728 2096 845 2174 siquid
868 2095 1062 2157 memorabile
1084 2101 1199 2173 gestum
1223 2105 1282 2165 est,

374 2197 512 2257 Scribere
534 2205 679 2258 tentemus
702 2196 870 2276 cultumque
893 2197 1039 2257 inhiemus
1060 2197 1096 2258 ad
1119 2199 1224 2265 istum;

335 2319 362 2360 oo
377 2298 472 2378 thue
494 2298 549 2360 hae
573 2317 637 2360 esse
660 2299 728 2359 olim
752 2301 897 2378 possimus
919 2299 1005 2360 laude
1027 2298 1163 2377 superbi,

373 2399 453 2461 Bella
476 2402 660 2463 remittamus
681 2410 883 2480 quantumque
904 2420 920 2461 a
943 2401 1036 2462 blarte
1058 2400 1175 2470 licebit,

373 2501 444 2563 0cia
466 2503 615 2564 Musarum
638 2510 668 2563 et
688 2501 817 2581 placidas
840 2501 992 2580 vigilemus
1012 2502 1049 2563 ad
1071 2510 1160 2564 artes

373 2605 410 2666 Ut
432 2623 491 2665 non
514 2607 551 2665 sit
573 2607 680 2666 mirum
703 2607 728 2664 si
750 2606 870 2681 segnius
892 2623 974 2665 arma
996 2605 1142 2666 ieramus:

372 2707 433 2768 Nee
458 2706 579 2767 ierimus
600 2724 721 2784 segnes,
745 2709 812 2784 quia
835 2707 892 2765 iam
915 2705 1070 2784 prudentia
1093 2708 1201 2777 maior,

333 2829 359 2870 os
374 2811 410 2869 tt
431 2809 515 2869 iuror
537 2816 582 2868 est
602 2808 710 2876 levior,
734 2826 789 2869 nec
810 2809 861 2887 qui
883 2826 937 2868 nos
959 2814 1100 2887 provocet
1121 2808 1215 2869 bostis

372 2910 500 2988 Contigit
521 2911 568 2971 bis
589 2911 694 2973 armis:
718 2911 809 2989 siquis
832 2908 925 2981 rolet,
948 2909 1057 2971 inierat
1077 2908 1158 2971 ultro

371 3102 518 3176 Tempora.
541 3112 569 3158 et
591 3101 719 3157 Ausoniis
741 3100 892 3156 stridebant
914 3099 1027 3156 barbara
1050 3099 1152 3174 linguis

371 3187 521 3250 llurmura,
544 3204 605 3242 cum
627 3204 726 3243 currus
748 3185 873 3241 simulata
897 3186 1019 3258 tropbaea
1038 3187 1185 3257 pudendos

369 3273 408 3328 m
428 3280 518 3345 rupim
535 3279 718 3344 sequerentur
734 3285 801 3343 opes
821 3274 964 3343 ipsumque
981 3273 1098 3342 irretiret

331 3374 357 3414 ra
371 3357 451 3414 Plebs
472 3374 520 3413 sua
542 3357 672 3414 rictorem
696 3357 901 3428 Germanosque
922 3371 973 3411 ore
992 3355 1129 3427 referret:

370 3442 430 3499 lton
452 3444 510 3499 brec
531 3442 669 3500 clarorum
691 3450 791 3516 preter
812 3450 856 3497 tot
877 3440 952 3497 milia
973 3449 1083 3515 patmm

368 3526 484 3601 Cognita
507 3529 578 3584 iacta
600 3528 706 3589 iurent.
729 3527 862 3583 sciremus
884 3535 914 3581 ut
936 3526 1031 3582 ordine
1052 3534 1130 3600 gesta

369 3611 490 3685 Qroeque
505 3629 555 3669 ruo
569 3612 690 3684 suerint,
712 3629 762 3667 nec
783 3628 852 3685 gens
874 3618 964 3668 tomen
985 3609 1041 3668 ulla
1063 3610 1187 3685 loquacis

370 3696 506 3754 Scriberet
529 3698 664 3754 historie:
687 3713 773 3758 nunc,
795 3714 857 3754 cum
879 3697 968 3754 iacere
990 3695 1090 3771 inclyta
1111 3695 1208 3757 nobis.

330 3799 356 3840 et
369 3783 407 3837 m
425 3786 571 3856 scrurmare
591 3781 652 3839 aliis
674 3782 779 3838 dederit
800 3783 941 3850 Fortuna,
960 3782 1084 3854 [ereum

368 3868 431 3924 Non
452 3870 511 3924 seiae
531 3869 614 3924 leude
635 3874 742 3934 lemen,
764 3869 891 3941 cultuque
911 3868 1065 3922 carebimus
1082 3869 1144 3921 isto.

367 3952 454 4028 thue
476 3953 526 4010 bac
548 3971 609 4010 esse
631 3952 696 4009 olim
719 3952 857 4027 possimus
879 3960 956 4026 parte
978 3950 1104 4026 superbi.

368 4037 430 4094 Oria
452 4056 590 4095 musarum
612 4040 759 4111 mollesque
778 4038 929 4110 [domninus
950 4045 1039 4099 artes.

367 4122 401 4178 U
423 4140 477 4179 nun
500 4124 536 4179 sit
558 4124 656 4180 mirum
678 4123 701 4178 sl
724 4123 836 4196 segnius
858 4140 932 4178 arma
953 4121 1088 4178 ieramus:

327 4207 418 4264 sob'ee
442 4209 555 4265 ierimus
576 4225 689 4281 segnes.
713 4208 776 4282 quia
799 4211 852 4263 iam
873 4207 1016 4281 prudentia
1039 4206 1141 4267 maior,

366 4296 400 4348 At
423 4294 501 4349 iuror
523 4302 564 4349 est
588 4293 688 4355 levior,
710 4310 759 4348 ner
781 4293 855 4364 quod
876 4309 927 4348 nus
949 4300 1079 4366 provocet
1101 4290 1191 4346 bustis

365 4378 487 4452 Contigit
508 4379 542 4434 ris
564 4379 661 4434 armis:
684 4378 708 4433 si
731 4378 793 4452 quis
815 4376 902 4441 volet,
925 4377 1026 4434 inierat
1046 4375 1121 4432 ultro

164 4541 224 4592 lue
246 4549 275 4593 et
297 4542 460 4594 submittere
484 4560 604 4601 comem,
628 4543 677 4593 sed
700 4550 728 4593 et
750 4558 904 4594 sermonem
920 4543 1116 4593 Germanicum
1135 4540 1281 4593 addiscere
1301 4548 1330 4592 et
1348 4542 1451 4594 nomina

163 4625 313 4678 bubulce
331 4628 404 4678 serre
424 4629 459 4677 ..''
511 4626 534 4659 ⁸⁷
551 4624 653 4693 errore]
672 4627 863 4693 neglegentia.

1286 4712 1448 4724 --

231 4743 254 4777 ⁸⁸
271 4746 387 4813 moleseu
405 4751 429 4797 1.
