3270 5354
274 335 347 405 464
386 365 477 399 nrasr.
489 364 629 399 vernonis
640 364 746 400 crunni
758 362 859 400 cvsssr
870 363 905 397 ns
917 361 1564 402 nxver.urnnon.nvrnnn1srenvnmnncron.

272 524 352 582 labiis
380 523 567 580 contaminare
596 532 678 596 atque
707 522 769 578 huic
803 521 900 579 fabulas
929 521 1044 577 miscere
1068 522 1137 577 baud
1161 524 1263 578 veritus
1286 540 1330 586 es:
1364 522 1448 597 digna
1481 521 1564 596 lingna

273 627 334 683 quae
357 617 410 666 tarn
428 608 568 665 execrandi
591 607 722 664 mendacii
747 606 871 663 omnibus
894 606 1047 679 forpicibus
1070 623 1176 680 paenam
1200 615 1227 663 ct
1250 625 1331 682 quam
1348 607 1478 664 ocissime
1499 606 1563 664 luat:

275 693 387 751 hoccine
410 693 476 749 satis
499 692 587 749 bonos
610 693 736 749 damnare
752 691 990 748 innocentissime?
1014 692 1094 747 etiam
1115 692 1235 748 criminis
1250 693 1290 748 tui
1306 693 1400 750 socios
1414 693 1565 749 ementiaris

206 796 305 846 §.stoc
328 787 470 853 patronos.
493 776 577 844 Quam
600 777 646 833 diu
666 776 828 851 quiescetis,
858 776 999 832 iustissimi
1023 785 1050 833 et
1073 776 1153 835 iidem
1174 776 1401 833 Christianissimi
1424 777 1566 833 Germania

274 864 421 938 proceres?
455 863 582 936 quamdiu
610 863 698 918 bonos
728 862 753 916 in
782 861 908 917 universo
937 861 1038 917 mundo
1066 870 1154 917 vestra
1177 861 1264 934 gloria
1292 859 1475 918 fraudabilis?
1510 878 1583 936 quea

275 948 383 1022 quidem
406 949 472 1010 erit,
506 948 537 1019 si·
558 948 626 1002 banc
653 947 742 1002 omnis
768 946 878 1002 virtutis
906 954 934 1001 et
957 946 1087 1001 bonitatis
1109 949 1281 1021 serpigenam
1312 954 1340 1001 et
1361 945 1417 1003 alte
1440 946 1565 1002 sidentem

274 1034 406 1090 maculam
439 1031 629 1106 publicamque
656 1028 815 1087 Christianae
857 1030 997 1103 religionis
1031 1040 1133 1105 pestem
1163 1031 1196 1087 ab
1225 1031 1298 1087 omni
1321 1030 1481 1094 Germania.
1518 1032 1565 1087 imo

275 1118 403 1175 urdvcrso
428 1126 562 1173 terrarum
586 1117 652 1171 orbe
674 1116 859 1171 excutiendam
882 1115 1051 1172 curaveritis.
1089 1116 1140 1171 Sed
1163 1117 1323 1190 priusquam
1346 1117 1417 1172 istos
1440 1115 1512 1172 male
1531 1115 1565 1170 lo·

274 1212 390 1277 amentes
418 1201 487 1258 male
516 1202 587 1274 apud
616 1219 664 1257 vos
694 1202 788 1257 audire
811 1207 949 1274 optarem,
984 1201 1088 1257 mallem
1119 1219 1223 1258 omnem
1252 1200 1334 1257 buius
1363 1201 1455 1275 impiae
1484 1217 1565 1257 seona

275 1287 392 1343 fabulam
415 1304 472 1361 prae
496 1285 583 1343 oculis
605 1287 703 1342 vestris
726 1302 805 1341 cavea
828 1286 952 1342 eductam
975 1303 1122 1359 apparere;
1156 1286 1230 1360 quod
1252 1285 1422 1342 commodius
1447 1285 1592 1342 totumne

274 1373 405 1434 arbitror.
439 1373 461 1426 si
486 1388 543 1426 rem
566 1388 688 1434 omnem,
723 1380 753 1426 ut
781 1370 814 1426 ab
846 1370 887 1425 bis
911 1370 1078 1427 infelicitatis
1106 1370 1329 1427 contentionibus
1351 1371 1500 1427 commissa
1521 1379 1565 1432 est.

207 1458 363 1514 tltverbis
386 1473 546 1530 prosequar.
579 1456 745 1529 bloguntiam
775 1456 836 1510 indo
865 1456 964 1511 sensim
993 1472 1123 1512 venenum
1152 1457 1203 1513 boc
1230 1472 1290 1511 sese
1319 1456 1467 1528 promovit.
1497 1455 1564 1510 (lictu

274 1559 329 1598 non
353 1550 395 1597 est
417 1559 470 1615 qua
493 1539 639 1597 insolentia
661 1540 794 1596 dieander
816 1540 929 1602 lavimus,
953 1541 1114 1620 bononensi
1139 1540 1232 1597 fraude
1255 1539 1360 1613 ligatus
1381 1547 1410 1596 et
1432 1539 1566 1615 pedicam·

275 1644 332 1683 rurn
356 1626 476 1688 fecialis,
502 1626 595 1682 urbem
619 1629 760 1699 ingressus
782 1625 880 1681 cristas
903 1626 1042 1698 surrigere
1064 1629 1190 1699 caeperit,
1221 1625 1344 1698 trophaea
1376 1625 1429 1680 iam
1459 1633 1516 1680 tum
1542 1625 1564 1680 in

275 1712 324 1768 bac
346 1720 440 1768 sancta
468 1711 535 1767 urire
564 1711 598 1766 de
620 1719 713 1767 nostra
736 1711 868 1766 servitute
898 1710 974 1766 tbolo
998 1709 1126 1784 suffigere
1148 1710 1275 1784 cupiens;
1306 1707 1411 1766 clerum
1434 1709 1591 1784 principius

273 1806 301 1853 et
323 1796 435 1869 longum
458 1804 622 1870 mystrarunr
645 1796 765 1851 ordinem
800 1795 879 1853 statis
901 1795 1062 1851 ceremoniis
1095 1803 1123 1850 et
1152 1811 1202 1851 suo
1230 1793 1362 1856 candore.
1397 1801 1429 1850 ut
1451 1795 1566 1850 sanctior

274 1882 378 1955 populo
401 1882 458 1937 baec
480 1881 603 1955 tyrannis
627 1882 831 1954 suspiceretur,
856 1880 951 1936 adesse
967 1879 1067 1943 voluit;
1091 1878 1232 1936 literarum
1253 1877 1403 1951 collegium
1425 1879 1564 1954 populum·

273 1983 326 2040 que
349 1967 504 2021 universum
527 1965 602 2022 nulla
625 1965 806 2027 liuuranitato,
829 1965 875 2022 sed
892 1982 942 2022 suo
959 1965 1095 2039 quodam,
1119 1973 1149 2020 ut
1164 1964 1283 2039 putavit,
1307 1965 1335 2019 in
1354 1960 1359 2040 Ι
1380 1980 1432 2020 nos
1455 1964 1564 2038 imperio

273 2051 402 2107 invitavit.
425 2051 511 2124 Pape,
535 2051 562 2105 in
578 2068 658 2124 qoam
675 2050 812 2106 fortunam
837 2065 880 2105 res
904 2051 960 2106 baec
976 2050 1087 2106 Romani
1111 2050 1153 2105 dei
1176 2057 1276 2123 praeter
1298 2065 1380 2122 quam
1404 2058 1564 2124 speraverat

272 2135 439 2192 declinabat!
474 2135 520 2209 qui
549 2137 619 2192 enim
643 2135 810 2210 triumphurn
834 2135 967 2200 instituit,
1001 2135 1034 2191 dc
1063 2143 1157 2191 nostra
1185 2134 1273 2208 patria
1299 2133 1419 2207 praedam
1442 2134 1592 2209 speravitsv

274 2221 345 2276 inter
366 2218 476 2277 calones
498 2220 540 2275 vix
562 2220 725 2276 nostratium
748 2220 872 2276 manibus
894 2219 1003 2294 elapsus
1026 2220 1132 2275 carnotis
1160 2218 1193 2274 de
1215 2235 1245 2274 se
1273 2218 1503 2292 pudentissimam
1532 2219 1565 2274 is·

276 2304 366 2361 bulam
388 2305 477 2362 dedit:
500 2300 594 2367 nemo‘.
618 2304 818 2367 mediusfidius,
848 2304 942 2361 aderat
964 2305 1010 2377 qui
1033 2302 1294 2378 quaestuosissimam
1324 2303 1412 2360 italici
1433 2303 1565 2361 venatoris

205 2399 266 2449 §.aa
279 2390 410 2446 insaniam
433 2406 488 2445 non
512 2389 624 2452 rideret,
648 2407 702 2446 non
719 2391 897 2446 subsannaret
913 2398 940 2445 et
956 2389 1036 2462 pleno
1059 2391 1190 2446 cachinno
1213 2397 1441 2462 prosequeretur.
1464 2386 1565 2445 atlete

274 2476 382 2548 quidevn
411 2476 477 2537 boc,
506 2473 640 2549 palantem
670 2476 750 2530 etiam
778 2491 826 2548 per
858 2474 951 2549 templi
980 2491 1069 2530 aream
1098 2472 1242 2546 solumque
1270 2473 1429 2531 elioeminati
1457 2474 1564 2530 vestitas

272 2560 357 2617 cauda
379 2568 406 2616 et
428 2559 512 2633 longo
535 2567 654 2634 syrmate
676 2567 828 2615 verrentem
852 2560 879 2614 iu
902 2558 974 2615 latus
998 2559 1104 2632 quidam
1121 2566 1286 2633 pungentes,
1311 2557 1422 2614 lacertis
1445 2559 1473 2614 in
1497 2570 1591 2614 mssa

274 2646 387 2701 formam
410 2645 511 2700 exertis
533 2643 594 2702 loco
620 2644 777 2706 trudebant.
801 2642 845 2701 alii
868 2664 882 2700 a
906 2645 996 2700 fronte
1019 2644 1206 2704 rhinocerota,
1229 2644 1298 2699 asini
1321 2641 1461 2700 auriculas
1484 2651 1512 2701 et
1531 2642 1564 2699 ci·

273 2731 365 2785 conias
388 2731 544 2804 pimeniam,
568 2729 667 2802 reliqui
690 2730 789 2786 tunicae
811 2729 922 2785 caudam
945 2729 1072 2786 calcaneo
1088 2729 1217 2785 remorati
1232 2726 1434 2801 lapsabundum
1457 2727 1565 2784 subsar-

273 2823 387 2878 narvrnt;
410 2814 534 2870 nonnulli
558 2822 705 2871 scommata
727 2822 754 2870 et
769 2814 851 2889 digna
873 2814 962 2873 lrrdaeo
984 2815 1098 2871 dicteria
1121 2814 1147 2869 iu
1171 2814 1242 2870 launo
1263 2812 1431 2869 nebulonem
1446 2812 1564 2887 protule·

273 2908 351 2956 runt:
375 2901 465 2955 omnia
488 2899 570 2962 bene,
594 2899 675 2955 modo
698 2899 800 2973 lapides
816 2917 900 2973 pecus
917 2899 968 2956 boc
984 2916 1093 2973 quoque
1109 2897 1274 2955 salutassent
1289 2906 1318 2954 et
1333 2898 1453 2972 antique
1475 2896 1564 2954 matris

272 3000 335 3041 ossa
356 2984 498 3042 cerebrum
514 2984 587 3041 istud
603 2984 756 3041 sanctulum
770 2984 992 3058 perfricuissent:
1016 2985 1128 3041 vidisses
1144 3000 1225 3057 quam
1238 2981 1390 3056 sacrilegus
1406 2981 1453 3039 ille
1468 2983 1591 3043 fossum]

273 3185 426 3235 auderent?
443 3185 615 3250 Responsum
634 3185 739 3246 ferunt,
765 3184 899 3234 iniussum
919 3199 953 3234 ee
971 3184 1070 3249 populo
1088 3180 1261 3234 declamasse
1281 3181 1465 3233 fraterculum
1483 3180 1563 3233 illum.

272 3270 397 3320 Haecine
416 3271 501 3333 setis,
526 3270 677 3320 monache?
700 3268 811 3319 Siccine
835 3269 973 3334 impunite
990 3273 1085 3319 vestro
1108 3267 1255 3332 protegitis
1278 3267 1402 3334 flagitis,
1426 3267 1563 3334 publicum

271 3355 352 3404 nefus
371 3354 423 3404 teli
441 3370 551 3405 sarsurio
571 3353 680 3404 abunde
700 3354 840 3418 expiatum
858 3369 893 3404 ne
913 3354 1021 3404 credis?
1043 3353 1138 3418 Digne
1156 3352 1283 3416 viperina
1301 3352 1362 3403 baec
1380 3352 1488 3418 lingue,
1508 3364 1563 3417 qne

272 3437 411 3488 mendacii
424 3444 480 3489 tem
493 3439 641 3489 execrandi
654 3438 779 3489 omnibns
792 3438 944 3503 forpicibus
957 3453 1066 3503 poenem
1078 3438 1146 3486 lust.
1165 3436 1340 3502 Mogontism
1351 3437 1418 3487 inde
1430 3451 1494 3487 sese
1506 3451 1562 3487 sen·

272 3523 322 3572 sim
340 3538 476 3574 venenum
494 3523 546 3573 boc
563 3528 751 3588 promovente,
771 3523 847 3572 dicta
865 3539 921 3572 non
938 3549 971 3560 —
983 3549 1017 3559 —
1035 3523 1136 3572 cristes
1150 3523 1258 3587 erigere
1272 3523 1435 3587 oceoeperit.
1459 3534 1590 3576 omnentt

272 3607 375 3657 clerum
395 3612 473 3657 et-
491 3634 525 3645 —
543 3609 726 3671 caerimoniis,
751 3606 908 3673 conlegium
930 3607 1087 3669 literarum,
1113 3606 1295 3672 populumque
1318 3607 1481 3657 universum
1504 3605 1563 3657 reli·

272 3693 350 3758 giose
370 3691 467 3742 adesse
485 3693 582 3743 voluit.
601 3693 692 3759 Papa,
712 3693 741 3742 in
760 3707 841 3757 quern
860 3692 997 3743 fortunam
1015 3707 1059 3742 res
1077 3692 1244 3757 pervenerit.
1276 3692 1323 3756 qui
1340 3691 1509 3756 triumphum
1527 3692 1563 3740 in·

272 3778 377 3838 stituit,
399 3778 445 3841 qui
464 3776 584 3842 praedem
604 3777 736 3829 danobis
755 3778 892 3842 speravit,
912 3779 985 3826 inter
1004 3776 1118 3828 colones
1137 3779 1185 3828 vix
1206 3781 1360 3827 nostratum
1382 3791 1484 3827 monus
1508 3775 1562 3826 ele·

272 3878 337 3928 psus
357 3866 411 3913 est:
436 3862 561 3913 omnibus
584 3862 812 3928 pudentissimem
832 3861 956 3911 fabalem
974 3863 1008 3912 de
1027 3877 1057 3912 se
1070 3863 1208 3927 praestitit.
1239 3862 1326 3912 Nemo
1340 3861 1440 3912 ederet
1453 3862 1500 3926 qui
1513 3875 1562 3909 non

273 3952 456 4011 quaestuosum
479 3946 574 3997 Italici
603 3949 744 3997 venatoris
767 3947 887 3996 animum
910 3947 1026 3997 videret.
1063 3947 1121 3996 Nec
1144 3947 1239 3996 risisse
1262 3952 1307 3996 est
1331 3951 1401 3997 esst
1424 3946 1589 4013 poloniensi

272 4033 345 4081 enirn
364 4058 396 4066 -
418 4057 444 4066 -
465 4033 613 4098 pungentis
635 4031 742 4082 lacerto
768 4032 796 4080 in
819 4046 895 4081 anses
918 4032 1032 4081 sormam
1057 4031 1149 4082 excito
1172 4032 1232 4082 loco
1250 4057 1284 4067 -—
1302 4030 1456 4096 —reliqui
1479 4030 1562 4080 vestis

272 4130 329 4166 suae
348 4116 464 4167 cendam
484 4142 514 4151 -
531 4143 565 4154 —
584 4117 875 4167 subsannaverunt-
893 4141 926 4150 -
945 4116 1015 4165 bene
1035 4120 1199 4181 sancteque,
1224 4116 1303 4166 modo
1321 4115 1433 4180 lepidos
1451 4115 1561 4165 cerebro

273 4200 463 4258 advolassent,
483 4206 599 4266 peraeta
617 4205 690 4251 svrnt.
709 4201 761 4250 hoc
780 4215 863 4250 arnum
881 4201 954 4250 enim
973 4200 1075 4250 defuit:
1096 4207 1200 4252 caetere
1219 4201 1328 4266 quidem
1346 4201 1441 4250 omnia
1457 4216 1507 4265 pre
1524 4200 1560 4249 rei

337 4373 518 4438 'forcipibus
531 4378 558 4423 G.
629 4372 764 4435 ocyssime
778 4376 805 4420 G.
859 4369 936 4421 8υιιῖί
955 4371 1205 4423 innocentissimos
1257 4368 1332 4435 ‘acl
1355 4370 1390 4419 ed
1404 4375 1428 4419 1.
1481 4367 1502 4401 ¹⁸
1519 4384 1560 4434 pe·

271 4459 356 4508 dicat.
370 4460 407 4506 sic
421 4461 443 4506 1.
459 4458 488 4506 θ.
503 4459 535 4506 de
553 4458 689 4506 industrio.
744 4455 763 4488 ¹⁹
782 4456 824 4505 cf.
838 4455 972 4506 Hodionis
991 4457 1072 4520 epist.
1085 4456 1139 4506 vol.
1153 4456 1175 4505 1.
1188 4471 1215 4521 p.
1228 4454 1288 4505 438.
1302 4470 1375 4504 num.
1389 4454 1471 4504 CCX.
1485 4454 1510 4503 d.
1522 4452 1560 4500 ll.

271 4540 468 4591 Dec.a.15·20.
515 4539 537 4572 ²²
556 4541 706 4607 venatoris]
723 4542 759 4591 cf.
773 4541 827 4591 vol.
840 4542 871 4591 V.
886 4557 912 4605 p.
925 4541 983 4591 344.
996 4557 1022 4590 v.
1036 4540 1061 4589 7.
1074 4557 1133 4605 sqq.
1178 4538 1201 4571 ²⁷
1220 4540 1368 4605 pinxerunt
1381 4543 1405 4590 1.
1420 4546 1447 4588 G.
1496 4540 1559 4587 asin.

272 4642 329 4675 eur.
344 4632 372 4675 et
391 4627 443 4676 cic.
457 4624 539 4690 pins]
560 4626 596 4675 ci.
611 4626 687 4674 Pers.
701 4631 753 4675 ant.
767 4627 789 4675 1.
803 4624 844 4675 58.
859 4641 898 4690 sq.
915 4625 971 4674 121.

338 4710 359 4740 ³⁵
377 4712 526 4775 occeperit.
539 4713 565 4758 2.
