3270 5354
165 334 240 409 238
364 366 487 405 ”mli
500 367 536 404 An
549 367 682 407 eluit!
695 368 909 405 mmmm
920 370 1143 407 ΙΡΙΘΙΔΙΙΔΠΠ
1156 371 1251 408 ΒΙΙΒΙ.

367 525 469 585 Cernis
491 542 563 603 opes
584 523 670 586 italas
692 523 828 586 hostilem
851 525 989 587 invadere
1013 525 1175 596 Francum,

339 644 351 685 s
450 624 516 696 Quo
538 626 591 688 tibi
613 625 725 688 dotaies
746 629 907 705 eripiantur
929 628 1019 708 opes?

366 729 397 790 in
422 737 450 790 te
471 746 630 809 suspensos
652 728 802 809 oculisque
824 731 987 808 animisque
1009 736 1052 791 tot
1074 730 1181 795 nrbes?

451 829 597 893 Atrxilium
620 829 746 909 populos
770 839 872 910 totque
895 850 999 894 vocare
1021 834 1123 895 tuum?

365 931 448 994 Tolle
470 931 566 1002 leves,
590 932 709 1013 riquila,
733 950 846 1013 pennas
863 933 1042 1014 Gallumque
1064 953 1184 1024 coerce:

340 1056 353 1094 s
451 1035 512 1097 lem
535 1042 583 1095 tua
605 1033 683 1096 uuila
707 1038 789 1115 quies
809 1038 978 1114 suspicione
1001 1043 1098 1109 caret;

366 1135 466 1205 Tolle,
489 1136 609 1217 Aquila,
632 1137 685 1199 bas
707 1156 834 1217 pennas:
858 1156 933 1217 opus
954 1147 999 1200 est
1020 1141 1163 1219 torpentis
1185 1141 1214 1200 in
1239 1138 1290 1202 iiio

451 1240 588 1303 Cunctari
611 1239 687 1301 iacto
710 1241 910 1319 desidiamque
933 1243 1002 1321 pati.

366 1339 465 1403 Pande
487 1340 562 1412 aias,
585 1343 687 1421 regina
709 1322 820 1413 arium,
844 1343 1002 1423 Gaiiosque
1024 1362 1165 1407 coercens

330 1462 353 1503 u
453 1442 575 1505 Desidiae
597 1463 701 1505 somno
723 1447 835 1507 concita
859 1466 958 1527 quaere
980 1447 1089 1526 ingane.

304 1624 353 1687 8³.
697 1632 746 1683 no
766 1633 923 1684 osbern.

366 1748 448 1810 Pone
469 1749 589 1811 modum
612 1750 762 1830 rebusque
784 1753 842 1813 tuis
863 1754 1011 1832 animique
1033 1754 1141 1824 furori,

436 1850 502 1922 -iit,
525 1871 589 1932 quae
612 1860 641 1914 te
662 1872 751 1932 supra
773 1861 832 1924 est,
855 1854 1014 1917 ambitione
1037 1875 1120 1927 vaca,

367 1952 405 2015 Ut
427 1953 554 2025 Latium.
577 1955 657 2034 quod
680 1975 763 2025 aves,
786 1956 896 2019 habeas
917 1958 1067 2038 urbesque
1088 1958 1204 2021 latinas

340 2076 354 2116 a
453 2057 490 2118 Et
511 2056 563 2118 tibi
585 2059 764 2120 Germanum
788 2067 891 2138 pareat
912 2061 1085 2140 imperium:

365 2157 409 2220 Tu
432 2166 530 2222 tantm
552 2160 674 2221 interior
695 2180 784 2241 quam
804 2171 839 2222 nt
860 2163 954 2240 possis
975 2163 1029 2223 ista
1051 2148 1170 2233 tenorej
1285 2232 1288 2237 ,

450 2262 522 2334 Quae
544 2269 651 2333 tentas,
675 2269 791 2342 tergum
815 2264 872 2324 boc
892 2265 1023 2342 pondera
1047 2264 1126 2327 ferre
1147 2267 1259 2344 nequit

300 2426 347 2487 84.
684 2424 734 2484 bu
751 2434 914 2485 EVNDEM.

364 2551 461 2622 Gaiie.
485 2552 568 2632 cupis
590 2552 663 2616 Latii
686 2560 716 2614 et
734 2553 836 2615 Rornae
857 2553 1021 2615 dominator
1043 2553 1161 2624 baberi,

448 2654 596 2734 {tegisque
618 2656 732 2734 imperii
754 2673 892 2727 munera,
916 2654 1012 2725 Gaiie,
1037 2658 1152 2736 cupis,

365 2758 471 2836 Accipe
494 2763 523 2817 ct
544 2757 581 2818 ad
604 2764 721 2837 tempus
743 2760 851 2820 uostris
873 2766 902 2819 te
924 2758 1090 2836 insignibus
1111 2778 1199 2828 orna.

340 2877 352 2918 ⁴
452 2859 533 2921 Adde
556 2859 666 2937 Aquilae
688 2878 813 2938 pennas.
837 2860 892 2921 bac
915 2861 1057 2938 patiente,
1081 2864 1147 2923 tuis.

362 2959 432 3031 Quae
454 2960 598 3040 siquando
621 2979 689 3023 snas
712 2964 868 3039 repetitum
892 2965 1004 3022 venierit
1025 2963 1100 3033 alas,

447 3064 527 3136 Quos
550 3070 579 3124 tu
602 3071 672 3124 tunc
695 3065 771 3124 risus
794 3065 870 3125 unda
893 3064 1025 3125 urorebis
1046 3066 1124 3126 avis?

364 3164 469 3226 [iesiue
491 3166 618 3225 cornicis
639 3166 716 3226 furta
739 3172 887 3228 ostentare
909 3166 1036 3246 periclo:

276 3262 284 3277 '
336 3288 349 3328 e
447 3267 578 3346 Emcrqit
598 3286 649 3328 sua
673 3286 776 3346 quem,
799 3286 857 3329 nou
881 3287 968 3347 quem
990 3268 1085 3331 aliena
1106 3268 1241 3349 probaui.

297 3432 344 3490 85.
673 3437 723 3486 nn
743 3437 931 3489 cussanus.
1046 3417 1049 3423 ’

361 3556 419 3617 iam
443 3562 492 3618 tua
515 3556 768 3618 turbatum'navis
791 3557 962 3619 conscendit
985 3560 1012 3619 in
1035 3577 1150 3639 aequor.

445 3658 503 3719 icta
526 3658 690 3738 procelloso
713 3659 925 3740 discutiturqne
947 3661 1038 3731 freto,

359 3762 476 3823 Circum
492 3763 556 3823 euri
571 3761 728 3842 boreaeque
745 3762 888 3831 irenreut,
912 3764 1023 3824 circum
1038 3765 1149 3833 onrrrio.
1173 3764 1285 3834 Caesar,

333 3881 345 3922 s
444 3863 532 3942 Siqua
556 3862 650 3924 soient
672 3863 769 3925 medin
792 3864 928 3925 terricula
951 3867 1120 3927 casemari.

358 3965 422 4026 Heu
445 3975 547 4043 portus
569 3966 672 4027 invade
695 3968 766 4036 rito,
791 3986 841 4036 ue,
865 3967 934 4028 dum
957 3975 1081 4046 occupet
1102 3967 1190 4035 aiter,

442 4066 607 4129 Excludare
630 4086 702 4146 vago
724 4069 886 4146 naufragus
908 4088 1029 4130 oceano.

358 4169 433 4230 Ecce
455 4169 533 4231 subit
554 4168 655 4232 Gaiins
674 4176 703 4231 et
725 4178 810 4231 vento
833 4170 893 4230 vela
916 4171 1047 4233 secundo

331 4293 343 4332 s
443 4271 582 4352 Expedit;
606 4275 667 4350 ipse
690 4291 802 4333 moram
826 4272 895 4333 dum
918 4272 1023 4342 trabis,
1048 4272 1095 4334 iiic
1118 4274 1204 4334 subit.

358 4374 437 4436 licus
460 4394 512 4453 age
536 4392 640 4453 rrrnrpe
663 4393 776 4441 rumas.
802 4376 918 4436 invado!
941 4377 1071 4444 occasio,
1095 4375 1206 4445 Caesar,

440 4476 597 4556 impatiens
619 4478 713 4537 omrris
736 4479 844 4556 optima
868 4496 991 4557 qumque
1013 4497 1104 4538 morae
1127 4486 1179 4538 est.

220 4630 261 4681 82.
291 4630 387 4695 'opus
401 4634 443 4678 est
462 4626 541 4695 torp]
561 4631 677 4694 torporis
697 4632 799 4681 crimen
819 4631 971 4693 ‹·‹mtrnbis‚
993 4632 1016 4680 si
1035 4639 1059 4681 et
1072 4649 1094 4682 r.

219 4714 263 4765 84.
290 4714 301 4747 ²
319 4713 486 4765 cupienti
505 4714 561 4764 seb.
575 4715 595 4765 Ι.
608 4714 633 4765 3.
