3270 5354
473 1036 690 1119 VLRICHI
711 1045 782 1119 DE
807 1033 1023 1120 HVTTEN

583 1182 729 1245 EQVITIS
748 1183 912 1233 GERMANI

614 1290 647 1330 ru
662 1289 878 1330 ursnnnnrnnu

408 1384 560 1448 rutulus
583 1386 631 1448 DE
654 1387 806 1449 HVTTEN
829 1386 1004 1447 (inutilis
1028 1386 1084 1447 SV!

657 1511 831 1552 rurnnrrvu

615 1612 884 1670 uuutounttu.

303 1742 421 1822 Ergone
443 1750 510 1822 post
531 1745 643 1814 varios,
668 1746 779 1806 iuvenis
801 1745 982 1813 miserande,
1005 1742 1138 1809 iabores.

301 1844 371 1906 Post
392 1862 478 1907 casus
500 1845 681 1926 morbosque
704 1866 785 1908 meos
807 1849 974 1926 seriemque
997 1846 1143 1907 malorum

302 1946 348 2009 Tu
369 1946 468 2009 luctus
488 1947 559 2009 mihi
582 1968 669 2010 causa
692 1950 778 2009 novi?
800 1958 830 2009 tu
854 1967 941 2009 causa
965 1947 1093 2028 querelae

302 2050 351 2111 Sic
374 2050 527 2112 coniectus
549 2052 626 2112 eris?
648 2069 704 2113 nec
727 2051 823 2112 adhuc
847 2051 961 2111 inimica
985 2051 1103 2113 facessit

274 2152 441 2213 almdendi
462 2153 592 2214 Fortuna
616 2153 758 2214 modum?
781 2170 846 2231 quae
869 2155 892 2213 si
916 2155 1012 2213 omnia
1036 2153 1122 2214 vellet

302 2254 411 2316 invidia
432 2262 550 2316 mutare
573 2256 648 2325 mei,
672 2263 700 2316 tc
724 2254 840 2315 turbida
864 2256 893 2314 in
917 2273 976 2315 uuo

301 2356 409 2417 Debuit
431 2376 496 2417 esso
519 2358 630 2427 minus,
654 2375 710 2417 nec
733 2359 762 2417 in
784 2357 842 2417 hoc
864 2358 1021 2418 temeraria
1044 2357 1110 2417 dici.

301 2457 360 2519 Seu
376 2458 480 2519 Fatum
496 2458 554 2519 hoc
569 2458 733 2538 loquimur,
750 2478 803 2520 seu
820 2459 892 2519 Sors
908 2478 974 2537 quae
988 2466 1017 2518 tc
1033 2457 1152 2519 abstulit
1167 2459 1231 2519 haec
1246 2467 1306 2529 cst,

302 2558 459 2639 Indignum
481 2561 617 2629 tulimuS,
641 2578 697 2622 nec
720 2561 790 2621 vidit
812 2560 948 2622 acerbius
970 2560 1062 2621 ulium

265 2660 389 2723 totietas
410 2664 466 2724 ista
489 2662 588 2725 netas:
612 2681 680 2723 nam
703 2681 762 2741 quo
785 2671 818 2724 tu
840 2664 985 2723 insontior
1007 2681 1102 2725 esses.

302 2762 365 2824 Hoc
386 2766 495 2844 pressit
517 2765 652 2843 graviore
675 2764 767 2834 maio,
790 2762 877 2824 simul
900 2763 1037 2823 omnibus
1060 2783 1111 2824 usa

301 2864 422 2927 Saeritiae
444 2869 586 2928 numeris.
611 2867 647 2928 Et
669 2885 723 2926 nos
745 2882 871 2942 regnare
893 2871 1030 2944 putemus

301 2966 431 3047 Usquam
453 2967 568 3048 aliquos
589 2978 640 3030 aut
662 2988 727 3030 esse
749 2969 836 3037 deos,
860 2967 1024 3045 trepidique
1046 2967 1177 3026 ieramus

301 3067 366 3129 Non
388 3069 540 3132 audituras
561 3071 698 3132 devotum
720 3088 828 3131 munus
850 3069 885 3129 ad
909 3070 994 3128 aras?

263 3188 288 3229 u
301 3170 348 3231 'i'u
369 3178 467 3233 tomen
489 3174 633 3234 innocuos
655 3192 754 3233 mores
776 3174 922 3248 vitamque
945 3177 1064 3231 secutus

301 3271 432 3352 Sperasti
455 3274 577 3335 meliora
600 3274 686 3345 deos,
710 3275 890 3352 nimiumque
912 3271 1028 3333 solebas

302 3374 334 3435 in
356 3378 463 3455 pietate
485 3384 536 3437 tua
558 3375 672 3436 sarbitos
695 3382 886 3436 contemnere
909 3392 1004 3435 casus.

300 3476 377 3548 Quid
400 3479 478 3539 iurat
498 3479 646 3539 insontem
670 3478 793 3539 vixisse?
816 3477 919 3538 eadem
941 3478 1039 3536 omnia
1064 3480 1162 3555 pravis

302 3578 375 3639 Cum
398 3581 457 3639 sint
478 3589 567 3658 atque
589 3578 689 3641 bonis:
713 3598 773 3640 nou
796 3588 842 3641 cst
863 3580 1039 3657 dignoscere
1062 3599 1119 3659 qua
1140 3598 1195 3642 nos

263 3696 290 3737 oo
304 3679 440 3742 solemur
462 3682 600 3743 mercede
623 3682 677 3762 pii,
701 3688 797 3743 metus
819 3681 956 3767 omuibus
978 3681 1055 3742 idem

300 3781 395 3862 Atque
417 3782 521 3845 eadem
543 3802 611 3861 spes
633 3790 690 3855 est,
716 3792 796 3845 errat
818 3784 987 3844 discrimine
1010 3785 1141 3863 quisquis

302 3883 449 3946 innocuos
471 3884 550 3947 locat
571 3893 660 3966 atque
682 3886 776 3946 maios
799 3888 922 3965 vitaeque
945 3887 1095 3965 necisque.

300 3986 337 4045 dt
357 3985 410 4047 tibi
433 3986 606 4066 simplicitas
628 3988 736 4049 horum
758 4007 846 4049 causa
869 4006 927 4048 una
949 3987 1111 4062 malorum,

301 4087 343 4148 Er
366 4094 395 4148 te
417 4106 576 4151 censueras
598 4090 672 4150 alios
696 4108 844 4169 unamque
866 4088 992 4168 putabas

261 4189 447 4252 nomnibus
469 4208 534 4252 esse
556 4192 660 4259 tidem,
685 4193 885 4271 quoniamque
907 4191 953 4250 iris
976 4192 1037 4269 ipse
1061 4209 1194 4260 careres,

162 4372 272 4425 Ulrichi
291 4375 410 4426 Huiteni
428 4380 454 4427 2.
519 4376 632 4444 1Ετςο]
654 4377 721 4428 Cum
739 4377 854 4443 planctu
873 4377 990 4441 erumpit
1008 4377 1147 4427 maestitia.
1205 4373 1309 4441 ³novi]
1329 4381 1392 4442 post

151 4458 237 4510 ulvoiii
256 4476 274 4509 a
292 4461 400 4527 Lepide
418 4467 542 4513 mortem.
612 4461 694 4513 ⁴nec
713 4462 828 4513 eduin.
848 4458 913 4525 iac]
938 4466 966 4511 ct
990 4475 1052 4525 quae
1075 4463 1159 4511 etiam
1186 4477 1258 4511 nnuc
1278 4463 1391 4511 inimica

151 4548 197 4606 ret,
217 4546 343 4610 quotiens
361 4552 454 4612 potest
471 4564 488 4597 a
506 4547 632 4599 laedendo
650 4564 703 4598 non
717 4548 849 4597 abstinet.
912 4546 1054 4608 ⁸Potum,
1079 4562 1196 4609 caerum3
1221 4550 1285 4598 Sors
1304 4563 1321 4596 n
1339 4547 1391 4597 deo

151 4631 248 4681 tincto.
268 4630 330 4681 ‘iuti
348 4633 486 4697 sortisque
505 4633 613 4683 iuturae'
628 4634 770 4683 coniunxit
785 4630 938 4697 Verpdeu.
952 4632 985 4684 X.
999 4630 1058 4680 501.
1098 4630 1120 4663 ¹³
1134 4633 1204 4682 idios
1218 4637 1244 4683 3.
1289 4631 1309 4663 ¹⁹
1322 4631 1390 4681 Cum

167 4732 238 4767 corr.
252 4721 283 4767 n.
302 4715 411 4768 Cedunt
429 4721 452 4768 1.
464 4734 521 4784 epp.
577 4716 629 4750 ¹⁹²⁰
646 4734 696 4767 tros
715 4718 839 4768 solemur
855 4734 924 4767 corr.
943 4724 973 4772 11.
985 4733 1015 4769 se
1034 4716 1163 4768 Solentur
1182 4723 1204 4767 1.
1213 4722 1237 4767 2.

1103 4805 1168 4865 tu*
