3270 5354
331 388 456 425 BVTTRM
470 387 638 423 nsulsum
652 387 767 422 uounvrt
781 386 980 423 DEGENEBASSB
996 386 1149 422 HEBOICVU.
1317 355 1390 426 339

298 542 358 603 Nos
379 542 505 621 legimus
528 560 662 620 gemmas
685 551 714 602 et
735 543 854 602 succine
878 543 973 618 prisea
997 543 1111 603 recenti

298 646 472 723 spernimus
494 645 627 706 invento:
651 652 731 705 tanta
754 651 797 705 est
820 644 980 713 industria,
1005 651 1117 703 tantum

300 747 450 807 Cresimus
472 747 615 825 ingeniis:
639 755 669 807 et
691 745 788 807 adhue
811 746 877 824 quis
900 746 982 822 lingit
1004 743 1041 804 sl»
1065 744 1172 805 lrorum

300 848 499 925 degenerasse
522 856 637 927 patrum
662 850 783 914 virtute,
807 846 971 907 illustribus
993 848 1080 912 artis,

247 970 285 1010 ru
300 949 373 1011 Cum
396 951 493 1012 rideat
514 948 669 1028 cultusque
692 968 798 1017 novos,
823 951 973 1027 possitque
995 955 1138 1009 vetustam

299 1050 470 1112 Barbariem
495 1052 567 1113 votis
589 1051 701 1119 odisse,
726 1051 788 1111 hieu
810 1058 943 1128 tempora
968 1051 1040 1110 votis

299 1153 444 1217 Omnibus
466 1152 622 1233 amplecti?
644 1152 718 1213 Num
742 1170 798 1230 qun
822 1170 880 1211 non
904 1170 1008 1230 aspera
1031 1152 1180 1229 quemdam

299 1254 381 1315 [lictu
404 1257 498 1334 magis
521 1254 607 1315 tellus
629 1255 685 1315 aliu
709 1262 768 1322 est,
792 1272 871 1313 nune
895 1255 992 1313 omniu
1016 1254 1124 1331 gignit,

300 1356 371 1417 Vine
395 1359 483 1417 etiam
506 1355 724 1436 pulchrumque
749 1374 870 1415 erorum
894 1362 1046 1434 vestesque
1068 1353 1213 1433 superbus

249 1477 287 1518 uo
301 1457 476 1539 velleraque
498 1466 528 1519 et
551 1458 651 1535 fruges
673 1458 829 1517 confertim
851 1464 938 1535 atque
961 1475 1049 1517 omne
1073 1455 1233 1517 metellum.

301 1558 462 1629 Praetereo,
486 1567 519 1620 ot
539 1560 640 1637 lingis,
664 1559 759 1619 donee
782 1558 949 1619 desedimus
972 1560 1028 1617 isto

301 1660 334 1721 ln
357 1668 478 1741 torpore
500 1662 591 1740 pigri,
615 1660 745 1739 dumque
767 1660 821 1720 iras
844 1661 1030 1720 tructarimus
1053 1667 1146 1729 artes,

300 1762 363 1823 llae
383 1764 414 1823 in
436 1765 574 1841 segnitie,
598 1763 709 1822 interea
733 1761 866 1841 qrraedam
890 1763 1002 1839 egimus
1025 1763 1105 1820 onrni

302 1864 423 1943 iugenio
445 1870 576 1925 veterum
600 1866 710 1925 maiore
732 1883 767 1924 ue
790 1862 875 1923 laude
898 1871 1069 1941 omentum:

251 1987 288 2026 us
303 1964 404 2027 Olriioe
426 1966 582 2035 desidiam,
605 1974 755 2044 torporem
780 1972 809 2026 et
831 1963 918 2024 nrolle
941 1967 1070 2044 qrrieturn

302 2067 419 2137 Obiiee,
442 2067 516 2128 livor
539 2067 629 2138 edax,
653 2086 707 2128 nos
729 2067 870 2145 qrrusdurn
893 2068 1058 2127 invenimus
1080 2079 1175 2135 artes,

302 2167 434 2239 Quarum
457 2167 535 2230 nullo
558 2171 627 2231 satis
649 2168 766 2229 leudem
790 2166 984 2229 edomaverit
1005 2176 1091 2229 zetus:

303 2270 376 2331 Nam
400 2289 465 2350 quse
487 2270 626 2351 sydereas
648 2270 756 2331 vocalis
779 2269 913 2330 rnaelrina
936 2272 1043 2331 turreis

303 2371 407 2433 Delieit
428 2391 463 2433 ae
484 2371 592 2433 solidos
614 2370 743 2450 impulsu
767 2373 897 2431 concutit
919 2390 1004 2433 arces

252 2492 290 2533 uo
304 2473 468 2554 lloeniuque
491 2481 520 2535 et
541 2476 652 2552 spissos
674 2482 795 2552 aggesto
818 2474 950 2551 pondere
974 2493 1075 2533 muros

303 2577 415 2654 nequet
435 2575 526 2637 humo
549 2576 712 2653 sternitque
735 2574 840 2635 dourus
863 2583 892 2637 et
915 2575 1039 2637 destruit
1061 2575 1166 2646 nrbes,

303 2674 415 2737 l'rodiit
436 2696 451 2738 a
475 2676 575 2747 noltis3
600 2694 654 2737 nos
676 2678 763 2754 primi
785 2677 957 2737 excudimus
980 2695 1038 2737 ¹ere

305 2778 340 2838 Et
361 2777 484 2857 sculptis
505 2797 644 2839 mansure
668 2780 745 2839 notis
768 2786 811 2838 tot
832 2778 925 2846 secla,
950 2785 993 2838 tot
1015 2797 1123 2843 annm,

304 2878 398 2941 Omne
420 2897 514 2958 genus
536 2880 652 2960 scripti,
677 2888 775 2940 vetum
797 2888 982 2959 aeternosque
1004 2878 1138 2945 lulrores:

304 3068 359 3127 Nos
380 3070 497 3144 legimns
520 3087 654 3142 gemmas:
678 3078 705 3126 et
728 3089 780 3145 qna
804 3088 857 3127 non
880 3087 975 3144 aspera
998 3070 1133 3144 quondum
1280 3087 1336 3138 ure
1352 3087 1398 3140 rur)

305 3156 378 3212 llietu
401 3156 488 3228 magis
512 3154 593 3212 tellus
616 3156 667 3213 alia
691 3165 745 3216 est.
769 3173 841 3211 nnuc
864 3155 953 3211 omme
977 3155 1078 3228 gignit,
1341 3172 1396 3224 nu)

304 3239 369 3295 lline
390 3241 470 3296 etium
494 3240 693 3315 pulchrumque
715 3258 824 3297 erocum
848 3249 992 3313 vestesque
1015 3240 1147 3314 superbus

305 3324 462 3399 Velleraqne
485 3333 512 3380 et
531 3326 667 3397 pecudes.-
689 3343 740 3380 nos
763 3326 892 3400 qumdum
915 3325 1066 3381 invenimus
1089 3334 1178 3386 artes,
1280 3341 1335 3391 (uu
1352 3342 1397 3393 uo)

256 3425 292 3466 no
306 3408 424 3477 Quarum
446 3408 520 3465 nullo
543 3412 609 3467 sutis
632 3411 735 3467 landem
758 3410 935 3467 celebraverit
958 3420 1039 3467 tetus:
1341 3427 1397 3478 (ror)

305 3494 369 3551 lium
391 3513 453 3570 quae
474 3495 592 3551 sidereos
615 3494 715 3553 vocalis
738 3496 859 3552 maelrinn
883 3504 971 3551 turres

307 3579 400 3637 lleiieit
422 3588 448 3635 et
469 3578 571 3637 solidus
594 3579 713 3655 impulsu
734 3581 858 3638 concutit
879 3598 956 3637 urees

307 3664 457 3739 lloeuiaqne
479 3673 507 3720 et
529 3665 635 3740 spissos
657 3674 789 3739 congesto
813 3665 933 3741 pondere
950 3683 1044 3722 muros

306 3752 411 3823 nequet
435 3751 515 3806 trumo
539 3752 691 3824 sternitque
714 3750 810 3806 domus
834 3759 861 3807 et
883 3751 1002 3807 destruit
1024 3751 1121 3812 nrbes,

257 3850 293 3892 us
307 3834 411 3891 l‘rodiit
433 3853 447 3890 a
469 3834 562 3898 nuliis:
585 3836 639 3891 Nos
662 3835 778 3909 primum
800 3836 968 3892 excussimus
990 3853 1044 3895 rere

306 3919 339 3975 Et
361 3919 477 3993 sculptis
498 3938 624 3977 mensuro
646 3920 720 3976 nutis
742 3928 785 3976 tot
807 3919 903 3983 seule,
928 3930 968 3978 tot
991 3939 1090 3983 annos.

306 4003 390 4060 Omne
412 4020 499 4077 genus
521 4005 631 4079 scripti.
655 4014 745 4062 vntum
768 4014 941 4080 aeternosque
964 4005 1073 4063 iubenes
1342 4020 1399 4073 (uu

171 4184 203 4218 ¹⁴¹
223 4185 301 4249 „Soli
319 4186 438 4236 omnium
457 4187 611 4243 succinum,
637 4187 707 4252 quod
731 4183 784 4252 ipsi
808 4186 913 4253 glesum
936 4192 1052 4251 vocent,
1078 4188 1151 4237 inter
1173 4187 1246 4239 rede
1270 4192 1352 4251 utque
1373 4187 1400 4235 in

135 4284 164 4323 Ιο
181 4269 263 4321 litore
282 4269 405 4337 legunt'.
427 4271 508 4321 Tacit.
522 4270 540 4319 l.
554 4286 578 4320 e.
592 4271 634 4320 45.
700 4270 731 4303 ¹⁴⁷
751 4272 859 4335 „Terre
873 4309 889 4322 ..
904 4272 932 4321 in
951 4272 1106 4320 uuiversum
1126 4276 1174 4320 aut
1192 4269 1271 4320 silvis
1290 4271 1401 4321 lrorridn

135 4359 154 4405 rt
163 4354 313 4421 paludibus
326 4353 429 4406 toedet
451 4355 532 4405 Tacit.
547 4353 564 4403 l.
579 4371 603 4404 e.
616 4355 641 4404 5.
680 4354 711 4387 ¹⁸⁹
725 4354 867 4418 „Proximi
880 4357 947 4420 ripee
962 4361 989 4405 et
1002 4357 1093 4406 vinnm
1113 4359 1295 4406 mercantem.
1318 4355 1400 4404 Tacit.

136 4454 162 4489 e.
174 4437 217 4490 23.
275 4435 396 4505 erocum]
417 4438 541 4489 Celebris
560 4439 676 4489 Hutteni
695 4446 819 4505 tempore
838 4441 993 4505 'l'hnringin
1012 4440 1145 4506 imprimis
1165 4439 1273 4489 cultura
1291 4439 1401 4504 piantu-

135 4538 163 4573 ιιι
181 4524 375 4574 tinctoriamm
394 4524 457 4574 tuit.
527 4521 607 4589 vest]
627 4524 663 4573 et.
682 4524 762 4573 ituit.
782 4524 800 4574 1.
815 4540 838 4574 e.
855 4526 892 4573 tl.
949 4524 979 4556 ¹⁵⁶
998 4526 1089 4587 „Quid
1109 4526 1190 4587 milri,
1210 4525 1294 4574 Livor
1313 4524 1401 4573 eriex”

135 4622 152 4660 t.
171 4606 464 4671 Ootd.tmor.1.15‚r.
519 4606 550 4640 ¹³³
570 4607 717 4674 ‘Intelligit
735 4608 917 4658 bornberdos'.
932 4615 980 4658 oet.
994 4627 1024 4657 m.
1079 4608 1111 4640 ¹⁶⁸
1129 4610 1239 4672 Vatum,
1260 4614 1305 4659 aet.
1321 4614 1345 4658 2.

1100 4812 1167 4873 22·
