3270 5354
178 362 250 434 ¹80
274 392 392 428 HBLIAM
407 393 442 427 DE
456 393 546 428 ΒΗΜΛ)
561 394 634 430 svalt.
648 393 1106 431 hov.vnst1tr.no'rvncasomlo
1120 394 1251 431 ΙΔΧΙΙΙΒ.
1262 394 1330 432 ΗΘ.
1340 395 1435 430 Dicu-

354 607 357 614 ,
391 547 555 607 Conclusio
575 563 631 622 per
652 548 933 605 commiserationem
955 553 985 605 et
1004 548 1242 608 cohortationem.

106 671 165 720 hh.
262 667 363 736 Nolite,
383 682 438 738 per
451 667 530 722 eleum
546 666 740 733 immortalem,
761 666 849 721 nolite
859 669 921 737 pati
938 672 975 722 tot
995 669 1113 723 iniurias
1131 671 1254 740 primum
1270 666 1354 737 nobis,
1373 669 1466 724 Malle

172 755 271 809 ceteris
292 751 469 818 Christianis,
496 759 594 823 postea
618 751 668 806 oleo
692 751 862 822 redemptori
882 757 1012 807 nostroe
1042 750 1149 808 Venena
1171 759 1253 825 atque
1272 772 1291 809 a
1317 753 1418 810 nam
1437 756 1464 808 il·

173 839 244 894 lotas
265 838 384 909 amplias
404 836 505 891 inultas
524 852 559 892 ac
580 838 728 908 impunitas
745 849 817 902 esse,
848 837 896 906 qui
912 839 938 889 in
958 840 1163 908 eacpuqnotione
1181 839 1296 893 orientis
1316 845 1347 894 ut
1367 845 1465 894 catera

172 921 373 995 nefandissima
389 927 532 994 praeterea
547 923 574 975 in
593 921 715 975 omnibns
734 921 839 991 templis
854 927 902 974 aiat
920 923 1077 976 meretrices
1089 924 1301 991 prostituerunt,
1321 929 1372 979 ant
1387 938 1481 996 equora

174 1006 390 1074 stabulaverunt,
421 1010 469 1059 aul
489 1007 588 1077 templa
610 1008 671 1076 ipsa
695 1005 815 1059 demoliti
835 1011 911 1071 sunt,
942 1011 990 1059 aut
1010 1004 1189 1076 Maqumedo,
1216 1005 1325 1062 homini
1342 1011 1464 1078 impuris·

172 1094 240 1147 simo
261 1106 296 1146 ac
315 1090 528 1163 nefandissimo,
552 1105 630 1162 quem
646 1107 702 1161 pro
721 1090 770 1145 eleo
793 1091 897 1154 colant,
919 1088 1127 1163 dedicaverunt,
1150 1105 1215 1145 ossa
1227 1101 1400 1159 sancmrum,
1422 1106 1463 1146 rc·

172 1169 237 1255 ,iffi-‚⁰
247 1168 308 1254 ”⁶1
331 1176 430 1247 liqnias
445 1177 632 1230 sanctissimas
647 1173 760 1229 canibus
781 1189 817 1228 ac
827 1176 924 1244 porcis
939 1174 1102 1240 obiecerunt,
1125 1176 1257 1246 imoq'mes
1270 1177 1406 1248 mucifiai
1420 1177 1462 1232 llo·

173 1263 239 1317 mini
257 1261 348 1316 nostri
366 1259 432 1314 Iesu
450 1259 566 1326 Christi,
599 1257 666 1331 (hen
684 1261 791 1330 pietas!
817 1257 870 1313 heu
888 1260 988 1328 prisca
1006 1260 1104 1329 fidesl)
1128 1260 1261 1332 imaqines
1277 1261 1414 1332 enecifiii
1431 1262 1465 1315 ai

172 1345 278 1401 canios
301 1358 435 1416 equorum
462 1344 593 1416 clelr'qatos
616 1349 699 1398 extra
719 1345 840 1397 ciritoles
861 1343 889 1396 in
911 1350 1005 1397 costra
1025 1343 1064 1398 ael
1080 1358 1177 1399 sonum
1199 1351 1399 1416 tympanorum
1419 1361 1486 1401 ran

169 1436 281 1503 plantes
299 1436 381 1501 sputo
401 1444 532 1501 coenoque
549 1428 688 1498 feriantes
706 1430 734 1481 in
756 1428 914 1482 altissimam
937 1442 1047 1482 cracem
1069 1432 1167 1483 iterum
1188 1431 1362 1485 natulenlnl
1379 1436 1407 1485 et
1425 1432 1461 1486 la·

105 1515 254 1586 amplias
273 1530 309 1569 ac
324 1514 440 1585 saqittos
461 1515 630 1568 eiacnlonles
649 1512 879 1566 exclamaverunt
898 1511 952 1566 ‘hic
973 1519 1013 1567 est
1034 1513 1101 1567 aeas
1123 1510 1370 1570 Chnslionorum’:
1399 1515 1461 1570 lucii·

171 1600 259 1655 briam
281 1597 445 1655 Christianae
461 1599 562 1670 qentis,
589 1596 640 1652 scel
665 1598 788 1651 maxime
814 1596 1028 1664 Germanorum,
1051 1612 1141 1669 penes
1159 1613 1229 1670 qnos
1249 1602 1397 1671 imperium
1418 1609 1460 1654 est.

170 1701 223 1741 cur
237 1685 321 1755 iqilm
337 1697 386 1739 ros
406 1697 462 1737 non
477 1683 587 1753 praeitis
594 1685 607 1735 l
629 1697 682 1735 cnr
703 1697 757 1735 non
771 1680 918 1753 praefortis
937 1684 1061 1737 uictrices
1081 1684 1211 1754 aquilos?
1230 1691 1257 1738 et
1270 1686 1374 1756 reliqui
1387 1684 1459 1741 Chri·

170 1750 322 1824 elianioos
339 1774 490 1838 sequentur
515 1766 650 1822 aduersus
678 1765 792 1821 Venetos
807 1769 945 1837 primum,
966 1768 1015 1838 qui
1035 1773 1099 1822 sunt
1119 1781 1196 1839 seqes
1217 1774 1245 1823 et
1265 1772 1384 1824 materia
1404 1777 1484 1825 ton-n

170 1860 259 1909 torum
281 1853 430 1920 malornm,
459 1850 557 1907 deinde
582 1851 717 1906 oeloersns
736 1853 810 1922 yrsos
832 1853 1040 1906 immanissimos
1061 1851 1210 1907 Christiani
1227 1856 1347 1908 nominis
1367 1854 1459 1921 hostes,

172 1936 290 1994 Parcas.
334 1936 406 1991 Nam
425 1938 477 1990 ista
498 1942 588 1991 aestro
608 1936 671 1991 oola
689 1950 725 1990 aa
738 1936 807 1990 bella
825 1937 895 1990 inter
909 1951 955 1993 uos
974 1938 1107 2003 intestina,
1127 1938 1195 1991 istas
1212 1941 1379 2006 uenationes,
1400 1954 1459 1993 ean-

170 2024 433 2090 oirio,·slrnctnras,
452 2020 564 2075 delicias
579 2027 693 2087 oestrus,
715 2019 823 2086 liberos,
847 2035 961 2087 uxores,
983 2020 1057 2076 hanc
1071 2023 1151 2077 oilom
1167 2028 1285 2077 vestram
1304 2038 1361 2078 una
1374 2038 1460 2095 parra

170 2124 260 2175 aura,
279 2123 335 2161 uno
351 2122 443 2178 parra
463 2105 600 2177 febricula
619 2107 710 2178 omnia
733 2105 917 2171 commutabit,
943 2108 1035 2159 omnio
1056 2096 1231 2177 corrumpet,
1255 2114 1282 2161 el
1300 2110 1461 2180 paulopost

171 2189 241 2247 nihil
261 2197 349 2246 erunt.
394 2197 424 2244 ot
444 2205 509 2245 aero
528 2207 591 2262 qnae
612 2207 667 2260 pro
686 2189 860 2260 redemptore
882 2195 907 2243 ct
928 2197 1055 2244 creatore
1076 2188 1126 2244 oro
1154 2194 1249 2246 nostro
1275 2190 1402 2264 foeieta's,
1429 2207 1483 2248 ean

170 2275 244 2332 aobr's
264 2281 404 2347 perpetua
429 2275 590 2340 manebunt,
620 2281 646 2328 et
661 2274 724 2329 dura
746 2276 836 2329 oioetr's
854 2281 880 2328 el
901 2275 964 2329 dum
987 2275 1026 2328 acl
1042 2274 1204 2347 foeliciorem
1224 2276 1308 2331 ailam
1330 2277 1460 2349 demiqro·

171 2361 239 2427 baa,
261 2374 372 2432 semper
386 2374 434 2416 aas
446 2359 648 2415 comitabuntur
658 2360 868 2430 florescentqne,
884 2359 980 2413 cotidie
995 2361 1081 2431 maqr's
1096 2361 1237 2432 mayisque
1255 2368 1365 2416 oeterno
1385 2365 1460 2434 fient:

170 2461 236 2500 nam
257 2446 287 2499 in
308 2445 370 2500 aliis
390 2445 483 2500 causis
505 2450 531 2498 et
551 2459 584 2498 eo
604 2460 667 2516 qnae
683 2444 787 2498 habetis
805 2461 894 2514 pareo
917 2451 1049 2499 momento
1066 2444 1238 2511 dilabentnr,
1264 2451 1291 2499 et
1313 2463 1377 2518 quoe
1396 2462 1458 2518 per·

170 2530 247 2597 cletis,
269 2545 419 2603 numquam
435 2528 649 2600 recuperabitis,-
671 2536 698 2582 at
713 2543 775 2583 nero
789 2530 817 2582 in
839 2528 893 2582 hoc
908 2530 1080 2583 sanctissima
1102 2529 1273 2600 capellitrbne
1292 2538 1320 2585 et
1338 2548 1401 2602 quae
1415 2531 1459 2586 ho·

170 2614 250 2681 betis,
273 2631 423 2686 numquam
445 2615 578 2680 omittetis,
601 2618 627 2668 et
648 2629 712 2684 quie
730 2613 861 2683 pernletis,
882 2615 910 2668 in
931 2613 1082 2668 caelestibus
1103 2612 1240 2669 thesauris
1254 2617 1331 2670 omni
1345 2623 1460 2687 tempore
1467 2634 1484 2672 ss

103 2699 281 2757 §.incondita
306 2701 457 2771 reperietis.
502 2698 578 2770 li'rqo
604 2697 773 2769 perfrinyitc
797 2698 872 2753 istam
898 2699 1080 2766 obstaculum,
1107 2698 1254 2770 adaquato
1280 2716 1317 2754 ac
1338 2700 1462 2756 obstruite

171 2785 291 2840 omnium
308 2784 382 2839 hanc
391 2784 639 2857 pestilentissimam
655 2782 789 2852 mephitim
808 2798 843 2837 oe
861 2785 1004 2849 sentinam,
1028 2781 1103 2837 hanc
1115 2785 1270 2854 ooraqinem
1286 2792 1314 2839 el
1331 2788 1459 2858 precipi-

171 2871 236 2925 tium
251 2870 370 2926 omnium
384 2871 531 2929 viciorum
547 2867 686 2923 vendicato
700 2873 725 2922 et
739 2881 786 2922 aas
801 2873 827 2922 et
841 2867 1025 2924 Christianum
1041 2866 1132 2922 orbern
1148 2868 1176 2921 in
1192 2867 1361 2931 libertatern,-
1374 2871 1463 2927 solrila

170 2958 349 3009 melanto
370 2959 458 3009 metat
484 2953 624 3009 eradicate
644 2961 746 3023 qenust
771 2953 883 3022 potestis
907 2966 967 3007 esse
991 2954 1039 3006 tuti
1064 2954 1090 3005 si
1115 2950 1266 3024 relinquitis
1292 2969 1342 3010 eos
1367 2956 1462 3027 quibua

177 3039 308 3107 Vemeh'oe,
331 3036 452 3106 Histrio,
475 3038 621 3104 Liburnia,
644 3036 798 3103 Dalmatia,
824 3036 960 3108 Corcyra,
986 3035 1166 3107 Cephalania,
1189 3036 1365 3110 Zacynthus,
1388 3040 1488 3097 Nou-so

165 3123 268 3195 plion,
299 3123 381 3180 Creta
405 3139 440 3178 ac
461 3123 570 3195 Cyprus
587 3121 680 3176 adhuc
696 3124 837 3191 supersint
843 3126 856 3175 l
879 3120 1031 3192 Patefacite
1053 3124 1119 3177 istas
1140 3122 1312 3179 execrabiles
1335 3139 1370 3178 oc
1387 3126 1462 3179 diras

165 3216 266 3280 portas
294 3206 473 3274 Venetianas,
501 3223 564 3280 queo
590 3207 693 3261 tamdiu
713 3205 882 3262 Christianos
909 3207 1044 3260 odoersus
1073 3207 1196 3278 infideles
1216 3209 1354 3280 proqredi
1373 3211 1461 3264 elabo-

169 3299 267 3348 rantes
284 3294 490 3360 continuernnt,
510 3300 606 3362 postca
628 3292 678 3346 cleo
693 3298 806 3346 erectore
828 3297 925 3362 aperto
940 3298 1029 3346 marte
1044 3290 1193 3346 maioribus
1206 3295 1340 3364 auspiciis
1357 3293 1464 3350 lurcos

169 3378 346 3450 oppressuri,-
366 3383 392 3432 ct
411 3392 444 3432 ea
461 3378 576 3446 pietate,
599 3394 654 3449 qna
669 3377 869 3430 sanctissimam
887 3375 1025 3430 elominnm
1047 3382 1169 3431 nostrum
1187 3376 1463 3451 luliompontificem

169 3463 334 3532 maiarum,
357 3479 412 3534 qua
434 3461 691 3518 Christianissimam
712 3456 836 3516 nostrum
857 3460 1033 3516 Francorum
1056 3460 1158 3532 Reqem
1176 3467 1204 3516 et
1218 3461 1386 3519 Catholicum
1409 3463 1491 3524 lie-a

167 3560 228 3618 qam
245 3547 413 3617 Aroqonnm,
434 3547 579 3617 principes
592 3542 813 3617 sapientissimos,
833 3553 942 3600 exactae
962 3547 1049 3600 atatis
1062 3552 1088 3600 et
1108 3549 1381 3604 consummatissima·
1396 3551 1462 3613 rita,

169 3637 226 3687 tres
259 3632 398 3686 columnas
426 3630 610 3689 Christianam
644 3631 800 3702 reliqionem
828 3632 886 3685 suis
913 3630 1035 3685 hamerr's
1061 3637 1243 3685 montanas
1271 3646 1332 3688 esse
1361 3635 1462 3700 olims,

168 3714 263 3772 eodem
281 3721 308 3771 et
325 3730 386 3784 oos,
409 3732 425 3772 o
446 3713 639 3770 Maximiliano
659 3718 788 3787 Anqusa,
807 3730 943 3786 proceres
962 3722 988 3770 et
1005 3717 1125 3771 ciuitates
1144 3717 1253 3787 imperii
1271 3715 1401 3785 Romani,
1419 3720 1466 3790 qni

164 3802 261 3873 prima
282 3801 449 3857 sustinenda
469 3799 599 3855 libertatis
622 3817 656 3854 ae
679 3801 817 3872 reliqionis
836 3801 963 3855 columna
982 3814 1043 3854 esse
1062 3799 1179 3867 debetis,
1203 3806 1229 3855 el
1250 3802 1344 3857 animo
1364 3809 1391 3858 et
1403 3805 1462 3873 pie-

169 3891 223 3941 tate
248 3899 309 3942 esse
334 3884 449 3941 abetis:
477 3899 543 3939 nam
572 3887 627 3939 nisi
653 3886 694 3938 illi
719 3885 847 3940 vidissent
873 3885 1014 3940 excidium
1039 3899 1074 3938 oc
1100 3886 1199 3940 ruinas
1219 3902 1237 3939 a
1265 3883 1376 3942 Vareh's
1398 3894 1424 3943 et
1444 3903 1492 3947 aso

171 3968 270 4026 lucas
285 3968 449 4027 Christianis
468 3970 611 4024 imminere
633 3971 866 4040 certissimamque
887 3971 1028 4025 uictoriam
1050 3975 1212 4040 sperarent,
1234 3984 1379 4042 nimquam
1394 3988 1463 4044 pro-

103 4051 243 4126 l.⁴s.feaio
262 4059 371 4126 tamque
387 4055 459 4110 iusta
479 4070 515 4109 ac
533 4056 596 4124 pia,
627 4061 681 4107 tam
708 4060 805 4109 saneta
826 4054 961 4109 adversus
981 4068 1027 4108 eos
1048 4070 1130 4108 orma
1151 4056 1340 4125 sumpsissent.
1386 4057 1463 4122 lirici,

170 4153 186 4193 o
208 4137 336 4204 Romane
357 4137 525 4210 Imperator,
546 4139 772 4209 oyloriosissime
788 4154 823 4193 oc
846 4138 1091 4194 exuberantissime
1109 4138 1179 4205 ¹eleos
1196 4138 1366 4211 redemptor,
1390 4141 1465 4199 disi,-

170 4227 197 4278 el
214 4225 241 4279 si
259 4223 328 4297 quid
344 4222 469 4294 profeci,
498 4223 605 4295 qaucleo
633 4223 755 4285 amam,-
781 4223 878 4295 qnoelsi
906 4225 987 4278 ctiam
1009 4222 1078 4278 nihil
1092 4221 1221 4294 profeci,
1247 4230 1340 4280 tamen
1357 4225 1464 4298 qonaeo

237 4386 421 4439 ''orua1.2.
445 4387 481 4439 ci.
495 4387 562 4438 Issi.
576 4386 663 4436 LVII.
680 4384 717 4462 lb.
742 4387 776 4449 (E
795 4402 875 4437 sacro
900 4392 1033 4452 suggestu
1056 4387 1210 4438 orationem
1233 4380 1340 4440 habero
1364 4389 1464 4457 incipit

169 4469 317 4537 vulpecula
336 4469 470 4544 Gallica.)
539 4468 562 4502 ²¹
581 4467 696 4536 cotidie]
717 4473 766 4520 vult
786 4471 899 4521 indies.
970 4468 992 4501 ¹³
1011 4471 1164 4523 dillabent':
1184 4476 1208 4523 1.
1267 4472 1291 4506 ⁸³
1310 4475 1348 4525 ci.
1363 4491 1461 4543 evang.

168 4544 227 4604 s'e'a.
238 4551 337 4605 Mattio.
350 4554 383 4605 X.
397 4552 440 4605 39.
452 4555 539 4605 Maro.
553 4554 630 4604 VIII.
645 4552 686 4604 35.
700 4555 768 4606 Luc.
782 4555 830 4604 IX.
843 4554 884 4605 24.
953 4552 1006 4588 ²⁷³⁸
1023 4557 1205 4623 precipicium
1223 4559 1247 4607 1.
1313 4556 1366 4592 ³⁸¹¹
1389 4560 1462 4609 Nou·

169 4632 264 4702 phium]
279 4638 335 4702 feel
350 4653 387 4689 ea
404 4637 512 4688 stsoulii
531 4641 555 4688 1.
575 4636 656 4699 simul
669 4641 694 4687 2.
719 4644 815 4691 rectius
833 4637 960 4703 Nauplio,
981 4639 1078 4705 Nepoti
1095 4643 1123 4693 di
1141 4642 1255 4692 Romani.
1309 4642 1329 4677 ³¹
1351 4658 1462 4695 exscre-

168 4712 242 4772 ona
259 4723 283 4770 r.
336 4717 359 4752 ⁸⁸
375 4726 450 4772 mese
469 4724 493 4771 t.
553 4720 683 4785 nuspiam
702 4724 726 4772 1.
