3270 5354
353 343 427 418 2³⁴
552 375 673 411 ffiV'l'ssHl
687 376 723 411 AD
735 376 868 413 GAEGABBM
882 374 1093 410 ΠΔΧΙΙΙΜΔΝΎΙ
1106 374 1327 411 ΒΡΙΟΒΔΙΜΔῊΙ
1341 375 1434 411 LIBER·

554 531 658 593 Nescio
681 531 750 610 quid
772 548 904 609 spurcum
928 537 1009 590 certe
1032 529 1100 609 quid
1124 531 1223 590 ttinere
1243 536 1383 610 possum?

639 631 755 694 Mobilis
776 630 855 693 ltalia
879 639 938 702 est,
961 630 1067 692 nobilis
1089 640 1157 693 ante
1179 634 1242 693 fuit.

496 817 538 879 71.
645 826 656 844 ·
719 820 769 869 DF}
788 818 969 868 FORTVNAE
988 819 1272 881 MV'rnsslnlraru.

554 941 640 1000 Sorte
662 938 717 999 sub
740 937 875 1015 ambigua
899 939 1049 1013 devinctus
1073 942 1193 1001 vertitur
1215 939 1298 1005 orbis

637 1040 728 1120 lnque
752 1041 843 1101 vieem
866 1041 991 1101 redeunt
1013 1041 1135 1102 candida
1158 1048 1188 1102 et
1208 1051 1270 1128 atra
1293 1042 1371 1111 dies;

555 1142 634 1203 lmus
655 1144 692 1204 ad
714 1142 866 1203 arbitrium
890 1143 1028 1203 Fortunae
1048 1141 1168 1205 luminis
1189 1143 1283 1213 orbae.
1356 1214 1365 1229 ,

529 1261 540 1302 r
640 1245 683 1306 Ad
707 1250 824 1306 ventum
847 1245 978 1323 exposita
1000 1246 1143 1306 vertimur
1164 1246 1256 1325 inquo
1278 1256 1358 1315 rota;

554 1345 657 1408 Omnia
679 1347 750 1407 dant
772 1365 857 1407 casus
879 1346 1083 1426 adimuntque:
1105 1349 1144 1408 ita
1167 1350 1290 1409 vertitur
1303 1348 1391 1417 ordo.

640 1451 671 1511 Si
693 1456 790 1509 tannen
813 1454 857 1508 est
879 1446 952 1507 ordo
974 1455 1080 1509 cuneta
1102 1451 1166 1528 regi
1187 1458 1307 1512 temere.

555 1551 619 1613 Vidi
641 1571 695 1630 ogo
718 1557 875 1627 regnantes
898 1550 1023 1612 Venetos
1044 1553 1215 1631 servireque
1236 1553 1308 1623 vidi,
1489 1631 1491 1635 ¹

528 1673 541 1713 s
641 1651 846 1730 Sublimesque
868 1653 975 1712 iterum
997 1652 1055 1713 ridi
1076 1654 1244 1732 iterumque
1267 1653 1392 1715 humiles

554 1754 680 1816 Parrum
703 1756 779 1814 intra
801 1756 936 1838 spacium
957 1771 1012 1814 noe
1033 1753 1142 1815 multos
1163 1757 1304 1834 temporis
1325 1774 1434 1816 anrros:

639 1856 738 1933 Usque
760 1855 833 1933 adeo
857 1856 949 1915 variat
969 1873 1034 1917 sors
1057 1857 1205 1937 variatque
1227 1859 1294 1918 rito.

493 2038 538 2102 72.
659 2044 759 2106 Qvun
777 2041 963 2092 FonTvlTn
982 2041 1116 2093 FACILE
1134 2043 1342 2094 MVTEN'FVR.

556 2162 635 2224 AEris
656 2169 724 2239 eget
745 2162 855 2231 Caesar,
879 2169 1065 2223 numeratum
1088 2162 1219 2240 possidet
1239 2181 1344 2224 aurum

640 2263 756 2333 Gallus,
780 2271 809 2324 et
830 2271 875 2324 est
896 2281 969 2324 auro
990 2263 1093 2326 ssorida
1116 2283 1165 2327 res
1187 2265 1345 2335 Venetum;

556 2366 697 2428 Hostibus
719 2365 799 2426 addit
820 2383 892 2444 opes
914 2372 995 2427 motu
1016 2366 1148 2427 Fortuna
1169 2366 1316 2436 seeundo,

530 2488 543 2529 a
642 2467 784 2529 Virtutem
806 2467 892 2529 nobis
913 2468 997 2530 caedit
1018 2476 1048 2529 ot
1069 2487 1149 2529 arma
1172 2469 1254 2531 deus

557 2573 622 2632 Stat
642 2572 795 2650 quisquam
819 2576 848 2631 et
869 2589 938 2630 casu
961 2579 1089 2632 mentem
1111 2572 1212 2649 defigit
1233 2572 1264 2631 in
1287 2570 1351 2642 iiio,

640 2672 784 2749 Frentum
805 2671 902 2733 dubiae
923 2690 1010 2735 nosse
1033 2676 1171 2754 cupitque
1193 2675 1250 2741 rei,

557 2775 593 2835 Et
614 2774 684 2835 dum
707 2773 828 2835 Sidonio
850 2773 949 2837 Gallos
971 2777 1095 2836 miratur
1118 2778 1147 2836 in
1169 2782 1251 2836 ostro

532 2899 544 2935 s
643 2876 680 2937 m
700 2875 787 2956 Tyria
811 2876 937 2938 Venetus
958 2879 1071 2939 murice
1092 2876 1176 2938 obire
1198 2878 1288 2948 ridet,

557 2980 692 3058 l'aupere
715 2980 855 3039 continuo
877 2998 960 3058 spem
981 2987 1071 3040 totam
1094 2999 1109 3039 a
1133 2978 1247 3041 Cmsare
1269 2976 1394 3049 ducens,

642 3079 703 3141 Sub
726 3080 852 3141 dominis
874 3079 957 3142 Gallo
979 3080 1037 3142 iert
1058 3080 1235 3160 Venetisque
1256 3083 1372 3159 iugum,
1470 3072 1472 3077 ¹

559 3184 638 3254 Quos
661 3182 711 3244 ubi
734 3182 875 3244 contundi
896 3184 1003 3244 nostris
1026 3201 1145 3244 rursum
1167 3184 1270 3265 aspicit
1291 3185 1394 3253 armis,

520 3305 544 3346 12
642 3285 818 3346 Teutonicas
840 3289 945 3346 iterum
967 3302 1081 3364 pronus
1102 3286 1205 3347 adorat
1225 3303 1312 3364 opes:

558 3387 702 3448 Nimirum
725 3389 858 3466 sapiens:
880 3405 950 3449 nam
971 3387 1051 3467 quod
1072 3388 1202 3449 Fortuna
1225 3388 1290 3457 dat,
1312 3389 1422 3458 autern

641 3488 706 3551 Non
729 3488 843 3551 hisdem
866 3488 979 3551 visibus
1001 3490 1050 3551 dat
1071 3490 1229 3570 adimitque
1251 3491 1333 3552 deus.

496 3674 541 3735 73·
897 3677 946 3726 DE
965 3677 1101 3727 EADEM.

558 3799 651 3869 erem
674 3797 797 3859 dederat
817 3797 946 3858 Fortuna
970 3799 1099 3877 apioem,
1121 3796 1266 3875 siquando
1288 3797 1416 3867 revellit,

641 3900 706 3961 Non
729 3899 784 3960 sibi
805 3899 1000 3978 praestandam
1024 3905 1192 3961 eommonet
1213 3918 1277 3962 osse
1299 3900 1396 3962 tidem.

559 4004 634 4063 Sunt
655 4001 718 4062 haee
740 4020 833 4080 usque
855 4009 952 4062 tamen
975 4004 1026 4082 qni
1048 4003 1229 4063 demirentur
1251 4010 1280 4062 et
1299 4019 1419 4066 omnem

532 4124 544 4164 a
643 4102 675 4163 ln
698 4122 773 4164 cauea
796 4111 908 4182 ponant
928 4121 1012 4183 spem
1034 4104 1171 4184 variaque
1192 4104 1256 4166 dea.

497 4289 540 4348 74·
772 4291 822 4340 ΗΕ
841 4289 1024 4341 Fort'rvnm
1042 4292 1226 4342 LVDIBBIO.

559 4411 660 4472 Erexit
681 4409 810 4470 Fortuna
833 4417 943 4480 rotam,
968 4408 1019 4488 (sio
1041 4411 1155 4489 perdita
1179 4411 1289 4472 mundo

643 4511 755 4582 liludit,
780 4514 893 4591 quoties
915 4512 991 4573 irarro
1014 4515 1090 4573 iuvat
1112 4531 1177 4577 esse
1199 4513 1301 4595 levem)

359 4652 557 4664 ψ*

424 4733 466 4785 70.
496 4734 507 4767 ⁸
524 4733 591 4786 Rari
609 4738 673 4782 sunt
691 4733 719 4782 in
732 4733 848 4784 Hutteni
867 4734 977 4800 seriptis
996 4734 1091 4802 frigidi
1110 4736 1244 4786 eiusmodi
1261 4749 1388 4787 sonorum
1406 4735 1492 4787 lusus.
