3270 5354
363 108 488 146 ΙΥΠΙΙῙ
500 109 531 146 ΙΙ
543 109 741 146 nonnosus!
754 111 941 147 ttoovttnrttstt
954 112 1076 149 suasuri
1090 115 1295 153 mansurumve.
1400 88 1474 161 359

378 263 488 335 Traia,
512 266 572 326 cito
593 266 642 326 cui
665 283 697 327 se
719 267 856 328 comitem
880 267 1002 329 vicinior
1024 268 1105 331 Eous

379 366 500 439 Anteia,
523 365 584 445 lgla
607 366 702 438 celer,
726 370 860 447 piscosus
882 370 1005 440 Tiresia,
1029 372 1123 432 llexus

379 467 413 529 ln
436 468 551 531 diversa
573 467 681 530 Mores.
705 471 756 532 secl
781 489 836 532 nee
859 472 1048 549 gravissimus
1071 473 1179 552 hospes

379 570 461 632 Albis
482 570 566 632 abest
588 573 743 651 sociosque
765 573 846 634 vebit
868 583 913 644 te,
938 573 1082 645 Multana,
1106 576 1251 654 primum,

328 674 511 749 subegere,
534 681 563 734 te
585 673 771 752 Misuumque
795 674 907 745 Salam,
931 694 1028 754 neque
1050 675 1155 756 linquit
1176 678 1327 740 llevelum.

378 775 440 837 Mos
461 782 571 855 preater
594 776 714 836 conviva
737 778 814 837 venit
836 777 957 847 Quados
979 777 1075 839 Odere
1099 779 1237 856 linquens

379 877 558 939 Sermmicos
581 877 686 949 colice,
711 880 758 938 cui
782 881 826 939 rix
850 880 887 941 de
910 880 1029 940 nomine
1052 880 1162 942 cedens

379 979 539 1041 Fraternas
561 979 611 1040 det
632 979 743 1059 Nyseus
765 999 872 1059 aquas,
896 1002 912 1042 e
935 982 1065 1044 lorrtibus
1087 985 1191 1046 iisdem

379 1082 435 1155 Qui
457 1081 523 1141 lluit
544 1089 573 1142 et
595 1089 692 1142 tractu
716 1088 759 1141 tot
780 1083 869 1143 millio
894 1084 990 1144 fertur
1013 1085 1132 1155 eodem;

327 1205 365 1246 roo
380 1184 521 1246 chundi
544 1184 623 1243 venit
646 1183 723 1244 unda
747 1184 861 1263 Spreta,
886 1187 964 1246 venit
986 1186 1074 1247 lstule
1097 1188 1213 1250 mirleus

378 1285 473 1365 Terga
497 1285 709 1365 ltoryssorunr,
734 1285 792 1347 lato
815 1289 925 1366 quique
947 1307 1034 1349 omne
1057 1289 1189 1366 Visurgis

377 1386 561 1467 Vestiplralos
583 1387 735 1448 humectat
757 1407 860 1466 agros,
884 1389 1029 1467 l’risiique
1051 1390 1171 1452 rebellis

377 1490 433 1562 Oui
456 1490 633 1567 peringero
655 1490 750 1550 lentur
773 1491 877 1559 Emos,
902 1490 1090 1552 Eburouicus
1112 1501 1187 1554 asur

376 1593 455 1654 Mosa
479 1591 533 1651 tibi
554 1589 726 1670 plauditque
749 1593 834 1653 simul
857 1593 1024 1672 gaudetque
1048 1597 1144 1655 vocari

325 1716 363 1759 ros
377 1695 420 1755 Ad
443 1711 600 1755 commune
624 1693 759 1771 epulum,
784 1694 890 1772 quibus
912 1697 976 1772 ipse
999 1696 1158 1758 domestica
1182 1699 1289 1760 misces

375 1795 525 1865 Flumina,
549 1797 726 1873 magnamini
749 1798 798 1873 qui
821 1797 926 1857 scindit
948 1815 1017 1858 rure
1040 1799 1127 1859 Suevi

377 1897 530 1958 Neocaron
553 1906 583 1958 et
604 1899 691 1958 toties
714 1900 793 1958 vario
816 1901 866 1977 qui
889 1917 992 1961 errore
1016 1907 1165 1970 moratur,

377 2000 442 2080 lpse
464 2016 535 2061 suos
557 2017 662 2061 cursus
683 1999 824 2078 replicato
847 2002 969 2062 llumine
991 2001 1126 2080 Magum,

375 2103 464 2163 Arma
487 2103 582 2163 virum
605 2101 798 2181 indomitique
821 2105 965 2181 rigantem
987 2106 1091 2181 iugera
1113 2104 1235 2175 Franci3
1361 2105 1454 2181 {aranei-

324 2226 363 2268 roo
377 2204 428 2265 llis
450 2211 500 2264 tua
524 2203 726 2264 Vestericbum
751 2205 903 2282 coniungit
926 2224 1026 2266 mensa
1050 2206 1215 2277 Mosellam,

376 2308 441 2380 Ouo
464 2325 523 2367 nou
547 2309 674 2367 maiores
696 2305 770 2367 alter
792 2306 846 2366 tibi
867 2309 984 2368 miscuit
1006 2309 1110 2371 undas.

374 2409 443 2471 ttae
466 2427 584 2488 quoque
606 2409 721 2469 finitimi
744 2408 863 2469 veniunt
885 2409 922 2469 ad
944 2411 1048 2487 garrrliu
1071 2410 1193 2480 ductus,

375 2510 411 2571 Et
433 2512 598 2573 Germanus
620 2510 718 2571 adbuc
740 2511 872 2579 Athesis,
896 2530 1064 2591 quanquam
1086 2512 1208 2591 Alpibus
1231 2521 1310 2575 erret

168 2750 243 2819 glot.
295 2745 400 2814 Nabus]
424 2746 484 2801 Mtb
507 2763 541 2798 ex
563 2747 636 2798 silva
654 2747 806 2798 Bohemioa
828 2749 953 2799 veniens.
1025 2747 1056 2781 ¹⁸¹
1080 2746 1184 2815 Trava]
1208 2734 1311 2803 Minuta
1380 2747 1466 2814 Eous]

169 2838 259 2902 Mnus,
278 2835 380 2885 Anisus
399 2834 434 2897 (lr.
447 2835 464 2882 l.
478 2848 529 2882 nou
545 2852 580 2876 =
598 2833 706 2895 Ocnus,
726 2850 751 2882 v.
767 2832 823 2882 179.
837 2834 924 2896 Inus.)
995 2832 1118 2898 182ΙςΙει]
1136 2833 1235 2901 ggluu,
1257 2833 1379 2905 Sqlotou'
1398 2836 1468 2885 llut-

168 2928 234 2974 tsno
253 2937 288 2972 ex
306 2920 408 2970 itinere
426 2933 475 2969 sno
493 2919 637 2969 Moravieo
656 2919 862 2970 memorabilior
880 2934 962 2983 quam
981 2919 1061 2982 Taya
1080 2920 1126 2984 qui
1145 2918 1272 2983 Iglavam
1296 2920 1411 2984 recipit,
1436 2924 1468 2969 ut
1512 2944 1516 2953 ,

168 3008 230 3074 ipse
254 3022 274 3056 a
295 3004 375 3054 Maro
398 2999 524 3069 (Ἦὶαῐῶ)
548 3008 677 3069 receptus
700 3003 860 3053 Danubium
885 3007 997 3069 augeat.
1068 3001 1182 3069 Tiresia]
1206 3002 1302 3068 ῊκίΒ,
1326 3003 1466 3055 Tibisons.

169 3090 201 3126 ¹⁸¹
218 3086 323 3156 Moras]
336 3088 467 3148 dilatatae,
485 3088 599 3153 Margus
617 3102 639 3137 s.
652 3087 766 3152 Margis,
785 3088 890 3138 Moesise
909 3088 1052 3137 Litorius.
1083 3089 1201 3138 Nimium
1220 3089 1358 3140 liuttenus
1376 3091 1465 3139 orien-

169 3185 225 3229 tem
241 3188 341 3227 versus
360 3174 544 3238 exspatiatur.
614 3168 647 3204 ¹⁸¹
664 3170 799 3237 Multana]
819 3171 913 3226 breite
932 3172 992 3235 (uon
1010 3172 1144 3237 Mlolbou).
1199 3171 1231 3206 ¹¹¹
1248 3171 1370 3241 degero]
1391 3174 1465 3244 liges.

170 3262 254 3312 Miser.
267 3254 372 3324 Salam]
391 3255 430 3312 bie
447 3253 595 3321 mribniltbt
613 3255 759 3322 (lddtstldtc)
780 3255 858 3311 (bole.
912 3256 1060 3324 Harelum]
1079 3258 1170 3325 babel.
1223 3259 1342 3309 Viadrus
1361 3260 1389 3309 in
1407 3259 1465 3309 Mo-

169 3346 251 3398 rsvis
274 3344 368 3395 oriens
389 3341 491 3393 relicta
513 3341 653 3392 Sarmatia
680 3358 752 3392 nune
776 3344 924 3392 Borussica
948 3344 1079 3394 Silesiam
1108 3348 1136 3393 et
1158 3344 1312 3395 Marebiom
1336 3346 1465 3394 Pomoru-

168 3431 300 3495 uiamque
318 3432 450 3494 permeat.
504 3424 669 3490 108Νγεειιε]
692 3426 731 3480 bie
750 3426 875 3494 lcbltstldtc
893 3427 982 3490 Meliss.
1018 3430 1151 3480 Nissust.
1204 3428 1238 3462 ¹⁹⁰
1256 3427 1353 3495 Sprea]
1373 3427 1465 3494 &otta

168 3511 267 3580 [nula]
289 3510 414 3578 metatu,
433 3512 549 3563 Vistula.
600 3510 629 3544 ¹⁹¹
649 3513 857 3562 itorissorumo.
912 3510 979 3579 Vis]
1000 3513 1091 3579 Melet.
1141 3513 1172 3547 ¹¹³
1190 3513 1283 3580 Emas]
1298 3515 1373 3578 limi,
1391 3514 1465 3563 Ami-

168 3600 220 3663 sia,
239 3599 368 3649 Amssus.
421 3594 454 3630 ¹¹⁴
471 3594 666 3663 MosaIMluoit,
686 3597 783 3647 ureae.
837 3596 870 3628 ¹¹⁷
887 3599 1052 3648 Necaron5.
1106 3596 1236 3666 Noscan]
1256 3598 1354 3663 Mrtlar'
1372 3599 1465 3662 Nicer,

168 3685 263 3751 Niger.
316 3680 350 3715 ¹¹⁸
367 3682 410 3732 De
422 3681 541 3733 Mosella
561 3682 689 3732 Armenius
707 3682 743 3744 (v.
758 3680 799 3732 tt.
813 3682 865 3746 sq.)
884 3683 966 3748 „Ipse
986 3688 1046 3733 tuos
1066 3686 1193 3750 quotiens
1212 3686 1321 3735 miraris
1339 3684 1366 3733 in
1386 3700 1465 3734 amne

168 3783 298 3820 moerens
316 3766 523 3833 Legitimosque
547 3772 629 3833 putas
654 3782 738 3832 prope
763 3768 876 3830 segnius
900 3771 940 3818 ire
959 3772 1093 3819 meatus”.
1166 3768 1196 3800 ¹¹¹
1214 3769 1400 3819 Franconiam
1419 3785 1467 3834 pa-

168 3855 251 3905 triam
269 3868 350 3904 suam
366 3851 489 3910 laudare,
509 3852 557 3901 ubi
576 3856 681 3917 potest,
700 3868 754 3901 non
773 3852 900 3917 neglegit
917 3854 1065 3903 Huttenus.
1086 3854 1122 3903 cl.
1138 3870 1164 3903 v.
1181 3853 1253 3903 1115.
1267 3870 1307 3919 sq.
1359 3852 1394 3886 ²⁰⁰
1413 3855 1465 3903 Ve-

167 3937 328 3991 storiehium
347 3940 372 3988 l.
430 3934 586 4002 Mosellam]
606 3937 647 3986 nd
666 3937 745 3986 euius
764 3939 853 4002 ripam
872 3937 987 3987 editoris
1006 3954 1084 3988 eunee
1103 3943 1253 4002 steterunt,
1273 3939 1333 4001 ubi,
1352 3944 1384 3988 ut
1401 3938 1465 3988 olim

168 4023 241 4090 (eum
260 4023 432 4075 Trarbaeum
450 4037 554 4085 meum,
573 4022 648 4072 inira
665 4023 808 4072 Laurettae
828 4037 920 4071 arcem
939 4023 1090 4079 eonditum,
1109 4038 1208 4073 nornen
1227 4040 1243 4074 a
1261 4023 1465 4089 praeterfluente

172 4109 280 4161 Maer-
306 4107 392 4173 (nuno
409 4106 617 4170 Ileates-llam,
645 4112 743 4157 eontra
760 4107 937 4157 Travennam
960 4106 1085 4157 Mosellae
1108 4122 1170 4158 sese
1193 4110 1328 4159 miscente
1352 4124 1463 4173 gerens,

168 4195 308 4246 furentem
325 4193 449 4245 inmissis
467 4192 585 4242 habenis
602 4192 721 4242 nondum
740 4193 875 4241 sensisset
891 4191 1055 4254 Volcanum)
1073 4191 1135 4255 lusi,

407 4278 460 4329 Cui
477 4277 570 4327 laurus
588 4292 688 4327 nomen
706 4277 818 4340 dignum
837 4276 928 4339 dedit,
949 4280 1010 4325 astu
1029 4282 1170 4327 vetustum

408 4362 502 4428 Surgit
520 4362 554 4412 ab
574 4362 701 4427 opposita
719 4362 772 4410 tibi
789 4362 890 4423 Naida,
910 4361 1022 4412 Bacche
1041 4362 1211 4412 Travennas.

168 4446 203 4483 ¹⁸⁸
223 4445 326 4515 adhue]
346 4446 387 4501 Ao
405 4448 429 4499 si
447 4448 529 4498 bodie
548 4447 684 4498 scriberet
702 4451 806 4496 auctor.
859 4443 980 4512 Athesis]
1001 4445 1082 4510 Mtlrb,
1102 4449 1194 4512 Adiqe.
