<?xml version="1.0" encoding="UTF-8"?>
<!DOCTYPE html PUBLIC "-//W3C//DTD XHTML 1.0 Transitional//EN"
    "http://www.w3.org/TR/xhtml1/DTD/xhtml1-transitional.dtd">
<html xmlns="http://www.w3.org/1999/xhtml" xml:lang="en" lang="en">
 <head>
  <title>
</title>
<meta http-equiv="Content-Type" content="text/html;charset=utf-8" />
  <meta name='ocr-system' content='tesseract 3.04.00' />
  <meta name='ocr-capabilities' content='ocr_page ocr_carea ocr_par ocr_line ocrx_word'/>
</head>
<body>
  <div class='ocr_page' id='page_1' title='image "./ulrichihuttenie08huttgoog_0459.png"; bbox 0 0 3270 5354; ppageno 0'>
   <div class='ocr_carea' id='block_1_1' title="bbox 166 358 1443 430">
    <p class='ocr_par' dir='ltr' id='par_1_1' title="bbox 166 358 1443 430">
     <span class='ocr_line' id='line_1_1' title="bbox 166 358 1443 430; baseline 0.002 -8"><span class='ocrx_word' id='word_1_1' title='bbox 166 358 239 430; x_wconf 79' lang='grc'><strong>420</strong></span> <span class='ocrx_word' id='word_1_2' title='bbox 260 386 432 424; x_wconf 78' lang='lat' dir='ltr'><strong>scurrussu</strong></span> <span class='ocrx_word' id='word_1_3' title='bbox 446 387 550 423; x_wconf 78' lang='lat' dir='ltr'><strong>nusum</strong></span> <span class='ocrx_word' id='word_1_4' title='bbox 563 386 724 424; x_wconf 80' lang='lat' dir='ltr'><strong>rurvuruvs</strong></span> <span class='ocrx_word' id='word_1_5' title='bbox 739 386 877 423; x_wconf 83' lang='lat' dir='ltr'><strong>oocrours</strong></span> <span class='ocrx_word' id='word_1_6' title='bbox 890 386 1032 423; x_wconf 78' lang='lat' dir='ltr'><strong>succuum</strong></span> <span class='ocrx_word' id='word_1_7' title='bbox 1045 384 1443 425; x_wconf 73' lang='lat' dir='ltr'><strong>s.ros.csrn10urssrrcosror.</strong></span> 
     </span>
    </p>
   </div>
   <div class='ocr_carea' id='block_1_2' title="bbox 316 541 1437 4084">
    <p class='ocr_par' dir='ltr' id='par_1_2' title="bbox 368 541 1306 927">
     <span class='ocr_line' id='line_1_2' title="bbox 368 541 1114 621; baseline 0 -19"><span class='ocrx_word' id='word_1_8' title='bbox 368 544 409 602; x_wconf 83' lang='lat' dir='ltr'><strong>hc</strong></span> <span class='ocrx_word' id='word_1_9' title='bbox 431 544 455 602; x_wconf 91' lang='lat' dir='ltr'><strong>si</strong></span> <span class='ocrx_word' id='word_1_10' title='bbox 479 543 554 603; x_wconf 89' lang='lat' dir='ltr'><strong>lorte</strong></span> <span class='ocrx_word' id='word_1_11' title='bbox 576 560 646 603; x_wconf 87' lang='lat' dir='ltr'><strong>suos</strong></span> <span class='ocrx_word' id='word_1_12' title='bbox 668 543 774 603; x_wconf 84' lang='lat' dir='ltr'><strong>iteruin</strong></span> <span class='ocrx_word' id='word_1_13' title='bbox 798 548 956 621; x_wconf 78' lang='lat' dir='ltr'><strong>coguoscat</strong></span> <span class='ocrx_word' id='word_1_14' title='bbox 977 541 1114 612; x_wconf 81' lang='lat' dir='ltr'><strong>ottones,</strong></span> 
     </span>
     <span class='ocr_line' id='line_1_3' title="bbox 368 643 1103 723; baseline 0.003 -22"><span class='ocrx_word' id='word_1_15' title='bbox 368 643 499 705; x_wconf 88' lang='lat' dir='ltr'><strong>Victores</strong></span> <span class='ocrx_word' id='word_1_16' title='bbox 522 644 609 713; x_wconf 86' lang='lat' dir='ltr'><strong>Latii,</strong></span> <span class='ocrx_word' id='word_1_17' title='bbox 633 645 758 723; x_wconf 81' lang='lat' dir='ltr'><strong>patriam</strong></span> <span class='ocrx_word' id='word_1_18' title='bbox 781 661 960 721; x_wconf 89' lang='lat' dir='ltr'><strong>componere</strong></span> <span class='ocrx_word' id='word_1_19' title='bbox 983 662 1103 723; x_wconf 88' lang='lat' dir='ltr'><strong>pacem:</strong></span> 
     </span>
     <span class='ocr_line' id='line_1_4' title="bbox 369 743 1041 807; baseline 0.004 -4"><span class='ocrx_word' id='word_1_20' title='bbox 369 743 486 805; x_wconf 81' lang='lat' dir='ltr'><strong>Scilicet</strong></span> <span class='ocrx_word' id='word_1_21' title='bbox 508 747 614 806; x_wconf 85' lang='lat' dir='ltr'><strong>excisis</strong></span> <span class='ocrx_word' id='word_1_22' title='bbox 636 745 752 806; x_wconf 88' lang='lat' dir='ltr'><strong>Venetis</strong></span> <span class='ocrx_word' id='word_1_23' title='bbox 774 747 930 807; x_wconf 78' lang='lat' dir='ltr'><strong>Germania</strong></span> <span class='ocrx_word' id='word_1_24' title='bbox 953 746 1041 806; x_wconf 89' lang='lat' dir='ltr'><strong>ducet</strong></span> 
     </span>
     <span class='ocr_line' id='line_1_5' title="bbox 369 846 1306 927; baseline 0.003 -22"><span class='ocrx_word' id='word_1_25' title='bbox 369 846 468 925; x_wconf 54' lang='lat' dir='ltr'><strong>lsouge</strong></span> <span class='ocrx_word' id='word_1_26' title='bbox 491 847 580 907; x_wconf 91' lang='lat' dir='ltr'><strong>alium</strong></span> <span class='ocrx_word' id='word_1_27' title='bbox 603 849 634 908; x_wconf 93' lang='lat' dir='ltr'><strong>iu</strong></span> <span class='ocrx_word' id='word_1_28' title='bbox 657 866 769 908; x_wconf 87' lang='lat' dir='ltr'><strong>morem</strong></span> <span class='ocrx_word' id='word_1_29' title='bbox 793 846 860 914; x_wconf 87' lang='lat' dir='ltr'><strong>tihi.</strong></span> <span class='ocrx_word' id='word_1_30' title='bbox 883 846 1084 916; x_wconf 83' lang='lat' dir='ltr'><strong>Maxmiliaue,</strong></span> <span class='ocrx_word' id='word_1_31' title='bbox 1107 846 1306 927; x_wconf 89' lang='lat' dir='ltr'><strong>triumphum:</strong></span> 
     </span>
    </p>

    <p class='ocr_par' dir='ltr' id='par_1_3' title="bbox 318 947 1437 1433">
     <span class='ocr_line' id='line_1_6' title="bbox 318 947 1437 1036; baseline 0.004 -30"><span class='ocrx_word' id='word_1_32' title='bbox 318 968 354 1006; x_wconf 83' lang='lat' dir='ltr'><strong>uo</strong></span> <span class='ocrx_word' id='word_1_33' title='bbox 368 947 454 1008; x_wconf 92' lang='lat' dir='ltr'><strong>Nunc</strong></span> <span class='ocrx_word' id='word_1_34' title='bbox 475 947 558 1009; x_wconf 88' lang='lat' dir='ltr'><strong>locus</strong></span> <span class='ocrx_word' id='word_1_35' title='bbox 580 957 624 1010; x_wconf 88' lang='lat' dir='ltr'><strong>est</strong></span> <span class='ocrx_word' id='word_1_36' title='bbox 646 951 750 1010; x_wconf 88' lang='lat' dir='ltr'><strong>merito</strong></span> <span class='ocrx_word' id='word_1_37' title='bbox 774 950 952 1027; x_wconf 79' lang='lat' dir='ltr'><strong>Capuiouem</strong></span> <span class='ocrx_word' id='word_1_38' title='bbox 974 948 1118 1010; x_wconf 88' lang='lat' dir='ltr'><strong>iuducere</strong></span> <span class='ocrx_word' id='word_1_39' title='bbox 1139 948 1244 1027; x_wconf 81' lang='lat' dir='ltr'><strong>plausu</strong></span> <span class='ocrx_word' id='word_1_40' title='bbox 1310 947 1437 1036; x_wconf 44' lang='lat' dir='ltr'><strong>§yffi-⁰31</strong></span> 
     </span>
     <span class='ocr_line' id='line_1_7' title="bbox 369 1048 1071 1129; baseline 0.01 -21"><span class='ocrx_word' id='word_1_41' title='bbox 369 1048 549 1129; x_wconf 79' lang='lat' dir='ltr'><strong>ingenioque</strong></span> <span class='ocrx_word' id='word_1_42' title='bbox 573 1051 625 1111; x_wconf 87' lang='lat' dir='ltr'><strong>viri</strong></span> <span class='ocrx_word' id='word_1_43' title='bbox 647 1052 751 1128; x_wconf 83' lang='lat' dir='ltr'><strong>dignas</strong></span> <span class='ocrx_word' id='word_1_44' title='bbox 773 1050 942 1128; x_wconf 81' lang='lat' dir='ltr'><strong>persoluere</strong></span> <span class='ocrx_word' id='word_1_45' title='bbox 965 1059 1071 1127; x_wconf 79' lang='lat' dir='ltr'><strong>grates.</strong></span> 
     </span>
     <span class='ocr_line' id='line_1_8' title="bbox 370 1145 1137 1230; baseline 0.005 -21"><span class='ocrx_word' id='word_1_46' title='bbox 370 1148 481 1228; x_wconf 78' lang='lat' dir='ltr'>Ingenii</span> <span class='ocrx_word' id='word_1_47' title='bbox 504 1145 589 1212; x_wconf 86' lang='lat' dir='ltr'><strong>labor</strong></span> <span class='ocrx_word' id='word_1_48' title='bbox 612 1160 670 1223; x_wconf 91' lang='lat' dir='ltr'><strong>est,</strong></span> <span class='ocrx_word' id='word_1_49' title='bbox 694 1154 751 1212; x_wconf 90' lang='lat' dir='ltr'><strong>sint</strong></span> <span class='ocrx_word' id='word_1_50' title='bbox 772 1154 894 1230; x_wconf 78' lang='lat' dir='ltr'><strong>promia</strong></span> <span class='ocrx_word' id='word_1_51' title='bbox 915 1153 1002 1229; x_wconf 80' lang='lat' dir='ltr'><strong>digua</strong></span> <span class='ocrx_word' id='word_1_52' title='bbox 1025 1151 1137 1221; x_wconf 75' lang='lat' dir='ltr'><strong>labori:</strong></span> 
     </span>
     <span class='ocr_line' id='line_1_9' title="bbox 368 1252 1279 1323; baseline 0.003 -12"><span class='ocrx_word' id='word_1_53' title='bbox 368 1252 424 1312; x_wconf 91' lang='lat' dir='ltr'><strong>Par</strong></span> <span class='ocrx_word' id='word_1_54' title='bbox 447 1254 544 1313; x_wconf 93' lang='lat' dir='ltr'><strong>auimo</strong></span> <span class='ocrx_word' id='word_1_55' title='bbox 566 1254 715 1315; x_wconf 82' lang='lat' dir='ltr'><strong>celeratur</strong></span> <span class='ocrx_word' id='word_1_56' title='bbox 738 1253 850 1323; x_wconf 91' lang='lat' dir='ltr'><strong>bouus,</strong></span> <span class='ocrx_word' id='word_1_57' title='bbox 874 1272 947 1315; x_wconf 84' lang='lat' dir='ltr'><strong>uere</strong></span> <span class='ocrx_word' id='word_1_58' title='bbox 969 1253 1047 1315; x_wconf 91' lang='lat' dir='ltr'><strong>haud</strong></span> <span class='ocrx_word' id='word_1_59' title='bbox 1069 1255 1107 1315; x_wconf 89' lang='lat' dir='ltr'><strong>sit</strong></span> <span class='ocrx_word' id='word_1_60' title='bbox 1129 1254 1279 1315; x_wconf 90' lang='lat' dir='ltr'><strong>honorum</strong></span> 
     </span>
     <span class='ocr_line' id='line_1_10' title="bbox 367 1355 1085 1433; baseline 0.004 -20"><span class='ocrx_word' id='word_1_61' title='bbox 367 1355 511 1433; x_wconf 82' lang='lat' dir='ltr'>Auspiciis</span> <span class='ocrx_word' id='word_1_62' title='bbox 533 1357 636 1417; x_wconf 74' lang='lat' dir='ltr'><strong>uicisse</strong></span> <span class='ocrx_word' id='word_1_63' title='bbox 659 1358 726 1416; x_wconf 80' lang='lat' dir='ltr'><strong>tuis</strong></span> <span class='ocrx_word' id='word_1_64' title='bbox 750 1357 829 1426; x_wconf 87' lang='lat' dir='ltr'><strong>siue,</strong></span> <span class='ocrx_word' id='word_1_65' title='bbox 853 1357 964 1426; x_wconf 74' lang='lat' dir='ltr'><strong>Caesar,</strong></span> <span class='ocrx_word' id='word_1_66' title='bbox 988 1357 1085 1416; x_wconf 88' lang='lat' dir='ltr'><strong>ovanti</strong></span> 
     </span>
    </p>

    <p class='ocr_par' dir='ltr' id='par_1_4' title="bbox 318 1457 1282 1843">
     <span class='ocr_line' id='line_1_11' title="bbox 318 1457 1148 1536; baseline 0.005 -22"><span class='ocrx_word' id='word_1_67' title='bbox 318 1474 355 1514; x_wconf 73' lang='lat' dir='ltr'><strong>sos</strong></span> <span class='ocrx_word' id='word_1_68' title='bbox 370 1457 428 1517; x_wconf 83' lang='lat' dir='ltr'><strong>Pro</strong></span> <span class='ocrx_word' id='word_1_69' title='bbox 451 1457 535 1519; x_wconf 89' lang='lat' dir='ltr'><strong>lauro</strong></span> <span class='ocrx_word' id='word_1_70' title='bbox 558 1457 661 1519; x_wconf 92' lang='lat' dir='ltr'><strong>molles</strong></span> <span class='ocrx_word' id='word_1_71' title='bbox 683 1457 805 1518; x_wconf 71' lang='lat' dir='ltr'><strong>hederae</strong></span> <span class='ocrx_word' id='word_1_72' title='bbox 827 1458 990 1536; x_wconf 76' lang='lat' dir='ltr'><strong>decerpere</strong></span> <span class='ocrx_word' id='word_1_73' title='bbox 1013 1457 1148 1526; x_wconf 77' lang='lat' dir='ltr'><strong>frondes:</strong></span> 
     </span>
     <span class='ocr_line' id='line_1_12' title="bbox 367 1557 1282 1639; baseline 0.001 -21"><span class='ocrx_word' id='word_1_74' title='bbox 367 1559 539 1638; x_wconf 76' lang='lat' dir='ltr'><strong>Quanquam</strong></span> <span class='ocrx_word' id='word_1_75' title='bbox 564 1560 649 1620; x_wconf 91' lang='lat' dir='ltr'><strong>etiam</strong></span> <span class='ocrx_word' id='word_1_76' title='bbox 672 1557 747 1619; x_wconf 93' lang='lat' dir='ltr'><strong>lauri</strong></span> <span class='ocrx_word' id='word_1_77' title='bbox 770 1577 856 1639; x_wconf 89' lang='lat' dir='ltr'><strong>quam</strong></span> <span class='ocrx_word' id='word_1_78' title='bbox 880 1568 912 1620; x_wconf 95' lang='lat' dir='ltr'><strong>tu</strong></span> <span class='ocrx_word' id='word_1_79' title='bbox 935 1578 1001 1621; x_wconf 89' lang='lat' dir='ltr'><strong>cum</strong></span> <span class='ocrx_word' id='word_1_80' title='bbox 1024 1561 1144 1637; x_wconf 83' lang='lat' dir='ltr'><strong>praemia</strong></span> <span class='ocrx_word' id='word_1_81' title='bbox 1168 1560 1282 1638; x_wconf 80' lang='lat' dir='ltr'><strong>maguis</strong></span> 
     </span>
     <span class='ocr_line' id='line_1_13' title="bbox 368 1660 1245 1741; baseline 0.002 -21"><span class='ocrx_word' id='word_1_82' title='bbox 368 1660 492 1722; x_wconf 79' lang='lat' dir='ltr'><strong>Consors</strong></span> <span class='ocrx_word' id='word_1_83' title='bbox 513 1663 654 1741; x_wconf 82' lang='lat' dir='ltr'><strong>ingeniis,</strong></span> <span class='ocrx_word' id='word_1_84' title='bbox 678 1662 733 1722; x_wconf 87' lang='lat' dir='ltr'><strong>hac</strong></span> <span class='ocrx_word' id='word_1_85' title='bbox 755 1668 852 1722; x_wconf 89' lang='lat' dir='ltr'><strong>vatum</strong></span> <span class='ocrx_word' id='word_1_86' title='bbox 873 1669 1008 1741; x_wconf 91' lang='lat' dir='ltr'><strong>tempora</strong></span> <span class='ocrx_word' id='word_1_87' title='bbox 1031 1662 1139 1740; x_wconf 87' lang='lat' dir='ltr'><strong>cingis;</strong></span> <span class='ocrx_word' id='word_1_88' title='bbox 1244 1699 1245 1703; x_wconf 61' lang='lat'><em>=</em></span> 
     </span>
     <span class='ocr_line' id='line_1_14' title="bbox 367 1762 1206 1843; baseline 0.004 -21"><span class='ocrx_word' id='word_1_89' title='bbox 367 1762 431 1822; x_wconf 87' lang='lat' dir='ltr'><strong>Nou</strong></span> <span class='ocrx_word' id='word_1_90' title='bbox 455 1764 527 1842; x_wconf 89' lang='lat' dir='ltr'><strong>petit</strong></span> <span class='ocrx_word' id='word_1_91' title='bbox 549 1765 611 1843; x_wconf 91' lang='lat' dir='ltr'><strong>ipse</strong></span> <span class='ocrx_word' id='word_1_92' title='bbox 634 1763 768 1843; x_wconf 86' lang='lat' dir='ltr'><strong>quidem,</strong></span> <span class='ocrx_word' id='word_1_93' title='bbox 792 1763 843 1824; x_wconf 82' lang='lat' dir='ltr'><strong>seri</strong></span> <span class='ocrx_word' id='word_1_94' title='bbox 867 1781 921 1823; x_wconf 92' lang='lat' dir='ltr'><strong>uos</strong></span> <span class='ocrx_word' id='word_1_95' title='bbox 942 1763 1132 1843; x_wconf 81' lang='lat' dir='ltr'>decerpimus</span> <span class='ocrx_word' id='word_1_96' title='bbox 1154 1763 1206 1825; x_wconf 88' lang='lat' dir='ltr'><strong>illi.</strong></span> 
     </span>
    </p>

    <p class='ocr_par' dir='ltr' id='par_1_5' title="bbox 430 1864 1102 1936">
     <span class='ocr_line' id='line_1_15' title="bbox 430 1864 1102 1936; baseline 0.001 -12"><span class='ocrx_word' id='word_1_97' title='bbox 430 1864 514 1925; x_wconf 86' lang='lat' dir='ltr'><strong>[licat</strong></span> <span class='ocrx_word' id='word_1_98' title='bbox 536 1864 584 1936; x_wconf 94' lang='lat' dir='ltr'><strong>lo,</strong></span> <span class='ocrx_word' id='word_1_99' title='bbox 608 1868 633 1926; x_wconf 91' lang='lat' dir='ltr'><strong>si</strong></span> <span class='ocrx_word' id='word_1_100' title='bbox 655 1885 687 1928; x_wconf 88' lang='lat' dir='ltr'><strong>se</strong></span> <span class='ocrx_word' id='word_1_101' title='bbox 710 1868 790 1926; x_wconf 85' lang='lat' dir='ltr'><strong>novit</strong></span> <span class='ocrx_word' id='word_1_102' title='bbox 812 1866 986 1935; x_wconf 81' lang='lat' dir='ltr'><strong>Germania,</strong></span> <span class='ocrx_word' id='word_1_103' title='bbox 1010 1865 1102 1935; x_wconf 86' lang='lat' dir='ltr'><strong>dicat,</strong></span> 
     </span>
    </p>

    <p class='ocr_par' dir='ltr' id='par_1_6' title="bbox 318 1964 1213 2454">
     <span class='ocr_line' id='line_1_16' title="bbox 318 1964 1169 2047; baseline 0 -21"><span class='ocrx_word' id='word_1_104' title='bbox 318 1987 355 2026; x_wconf 81' lang='lat' dir='ltr'><strong>iso</strong></span> <span class='ocrx_word' id='word_1_105' title='bbox 368 1964 519 2046; x_wconf 78' lang='lat' dir='ltr'><strong>Obviaque</strong></span> <span class='ocrx_word' id='word_1_106' title='bbox 541 1967 657 2028; x_wconf 87' lang='lat' dir='ltr'><strong>incedat</strong></span> <span class='ocrx_word' id='word_1_107' title='bbox 678 1986 777 2047; x_wconf 73' lang='lat' dir='ltr'><strong>parvae</strong></span> <span class='ocrx_word' id='word_1_108' title='bbox 798 1985 892 2046; x_wconf 89' lang='lat' dir='ltr'><strong>prope</strong></span> <span class='ocrx_word' id='word_1_109' title='bbox 915 1968 1021 2028; x_wconf 73' lang='lat' dir='ltr'><strong>muenia</strong></span> <span class='ocrx_word' id='word_1_110' title='bbox 1044 1967 1169 2038; x_wconf 85' lang='lat' dir='ltr'><strong>Phorcae</strong></span> 
     </span>
     <span class='ocr_line' id='line_1_17' title="bbox 367 2066 1158 2148; baseline 0.003 -21"><span class='ocrx_word' id='word_1_111' title='bbox 367 2066 482 2137; x_wconf 80' lang='lat' dir='ltr'><strong>Quanta</strong></span> <span class='ocrx_word' id='word_1_112' title='bbox 505 2077 601 2145; x_wconf 86' lang='lat' dir='ltr'><strong>potest</strong></span> <span class='ocrx_word' id='word_1_113' title='bbox 623 2087 748 2130; x_wconf 88' lang='lat' dir='ltr'><strong>numero</strong></span> <span class='ocrx_word' id='word_1_114' title='bbox 771 2069 913 2148; x_wconf 85' lang='lat' dir='ltr'><strong>Capnioui</strong></span> <span class='ocrx_word' id='word_1_115' title='bbox 935 2068 999 2130; x_wconf 80' lang='lat' dir='ltr'><strong>laeta</strong></span> <span class='ocrx_word' id='word_1_116' title='bbox 1024 2087 1158 2130; x_wconf 85' lang='lat' dir='ltr'><strong>reverso:</strong></span> 
     </span>
     <span class='ocr_line' id='line_1_18' title="bbox 366 2168 1134 2251; baseline 0 -21"><span class='ocrx_word' id='word_1_117' title='bbox 366 2168 418 2230; x_wconf 93' lang='lat' dir='ltr'><strong>llle</strong></span> <span class='ocrx_word' id='word_1_118' title='bbox 440 2170 533 2232; x_wconf 82' lang='lat' dir='ltr'><strong>redux</strong></span> <span class='ocrx_word' id='word_1_119' title='bbox 557 2188 648 2232; x_wconf 93' lang='lat' dir='ltr'><strong>curru</strong></span> <span class='ocrx_word' id='word_1_120' title='bbox 671 2171 786 2232; x_wconf 84' lang='lat' dir='ltr'><strong>vehitur</strong></span> <span class='ocrx_word' id='word_1_121' title='bbox 808 2168 948 2251; x_wconf 84' lang='lat' dir='ltr'><strong>victisque</strong></span> <span class='ocrx_word' id='word_1_122' title='bbox 971 2171 1134 2249; x_wconf 83' lang='lat' dir='ltr'><strong>triumphat</strong></span> 
     </span>
     <span class='ocr_line' id='line_1_19' title="bbox 367 2271 1213 2352; baseline 0 -20"><span class='ocrx_word' id='word_1_123' title='bbox 367 2271 507 2332; x_wconf 76' lang='lat' dir='ltr'><strong>Hostibus</strong></span> <span class='ocrx_word' id='word_1_124' title='bbox 531 2280 559 2332; x_wconf 90' lang='lat' dir='ltr'><strong>et</strong></span> <span class='ocrx_word' id='word_1_125' title='bbox 581 2291 681 2333; x_wconf 87' lang='lat' dir='ltr'><strong>secum</strong></span> <span class='ocrx_word' id='word_1_126' title='bbox 704 2272 855 2334; x_wconf 86' lang='lat' dir='ltr'><strong>sceleratae</strong></span> <span class='ocrx_word' id='word_1_127' title='bbox 877 2277 938 2351; x_wconf 80' lang='lat' dir='ltr'><strong>agit</strong></span> <span class='ocrx_word' id='word_1_128' title='bbox 960 2275 1076 2352; x_wconf 82' lang='lat' dir='ltr'><strong>agmina</strong></span> <span class='ocrx_word' id='word_1_129' title='bbox 1100 2271 1213 2334; x_wconf 75' lang='lat' dir='ltr'><strong>turbae:</strong></span> 
     </span>
     <span class='ocr_line' id='line_1_20' title="bbox 367 2373 1088 2454; baseline 0.008 -23"><span class='ocrx_word' id='word_1_130' title='bbox 367 2373 442 2434; x_wconf 89' lang='lat' dir='ltr'><strong>Vicit</strong></span> <span class='ocrx_word' id='word_1_131' title='bbox 464 2375 541 2434; x_wconf 87' lang='lat' dir='ltr'><strong>enim</strong></span> <span class='ocrx_word' id='word_1_132' title='bbox 565 2376 714 2454; x_wconf 89' lang='lat' dir='ltr'><strong>victosque</strong></span> <span class='ocrx_word' id='word_1_133' title='bbox 737 2373 820 2437; x_wconf 90' lang='lat' dir='ltr'><strong>iubet</strong></span> <span class='ocrx_word' id='word_1_134' title='bbox 841 2394 873 2437; x_wconf 92' lang='lat' dir='ltr'><strong>se</strong></span> <span class='ocrx_word' id='word_1_135' title='bbox 895 2375 998 2437; x_wconf 86' lang='lat' dir='ltr'><strong>ducier</strong></span> <span class='ocrx_word' id='word_1_136' title='bbox 1020 2383 1088 2437; x_wconf 85' lang='lat' dir='ltr'><strong>ante</strong></span> 
     </span>
    </p>

    <p class='ocr_par' dir='ltr' id='par_1_7' title="bbox 318 2475 1332 2953">
     <span class='ocr_line' id='line_1_21' title="bbox 318 2475 1296 2556; baseline 0.002 -22"><span class='ocrx_word' id='word_1_137' title='bbox 318 2494 354 2534; x_wconf 81' lang='lat' dir='ltr'><strong>us</strong></span> <span class='ocrx_word' id='word_1_138' title='bbox 369 2475 563 2555; x_wconf 84' lang='lat' dir='ltr'><strong>Conspicuam</strong></span> <span class='ocrx_word' id='word_1_139' title='bbox 587 2477 697 2556; x_wconf 94' lang='lat' dir='ltr'><strong>populo</strong></span> <span class='ocrx_word' id='word_1_140' title='bbox 721 2477 860 2554; x_wconf 72' lang='lat' dir='ltr'><strong>predam.</strong></span> <span class='ocrx_word' id='word_1_141' title='bbox 884 2496 921 2537; x_wconf 92' lang='lat' dir='ltr'><strong>ue</strong></span> <span class='ocrx_word' id='word_1_142' title='bbox 945 2495 1044 2556; x_wconf 78' lang='lat' dir='ltr'><strong>quare</strong></span> <span class='ocrx_word' id='word_1_143' title='bbox 1068 2478 1151 2556; x_wconf 85' lang='lat' dir='ltr'><strong>‘quis</strong></span> <span class='ocrx_word' id='word_1_144' title='bbox 1173 2476 1296 2536; x_wconf 83' lang='lat' dir='ltr'><strong>hostisi&#39;</strong></span> 
     </span>
     <span class='ocr_line' id='line_1_22' title="bbox 366 2578 1332 2659; baseline -0.001 -21"><span class='ocrx_word' id='word_1_145' title='bbox 366 2578 534 2656; x_wconf 90' lang='lat' dir='ltr'><strong>Spectator:</strong></span> <span class='ocrx_word' id='word_1_146' title='bbox 557 2586 687 2640; x_wconf 91' lang='lat' dir='ltr'><strong>monstra</strong></span> <span class='ocrx_word' id='word_1_147' title='bbox 711 2581 774 2659; x_wconf 86' lang='lat' dir='ltr'><strong>ipsa</strong></span> <span class='ocrx_word' id='word_1_148' title='bbox 796 2579 888 2650; x_wconf 88' lang='lat' dir='ltr'><strong>vides,</strong></span> <span class='ocrx_word' id='word_1_149' title='bbox 913 2586 1042 2640; x_wconf 91' lang='lat' dir='ltr'><strong>monstra</strong></span> <span class='ocrx_word' id='word_1_150' title='bbox 1066 2579 1181 2644; x_wconf 87' lang='lat' dir='ltr'><strong>omnia.</strong></span> <span class='ocrx_word' id='word_1_151' title='bbox 1206 2587 1332 2639; x_wconf 88' lang='lat' dir='ltr'><strong>monstra</strong></span> 
     </span>
     <span class='ocr_line' id='line_1_23' title="bbox 365 2679 1196 2743; baseline 0.002 -3"><span class='ocrx_word' id='word_1_152' title='bbox 365 2679 510 2741; x_wconf 87' lang='lat' dir='ltr'><strong>llerculea</strong></span> <span class='ocrx_word' id='word_1_153' title='bbox 534 2680 687 2741; x_wconf 87' lang='lat' dir='ltr'><strong>mactanda</strong></span> <span class='ocrx_word' id='word_1_154' title='bbox 708 2698 805 2742; x_wconf 92' lang='lat' dir='ltr'><strong>mauu.</strong></span> <span class='ocrx_word' id='word_1_155' title='bbox 829 2682 880 2742; x_wconf 90' lang='lat' dir='ltr'><strong>sed</strong></span> <span class='ocrx_word' id='word_1_156' title='bbox 904 2682 940 2743; x_wconf 92' lang='lat' dir='ltr'><strong>ab</strong></span> <span class='ocrx_word' id='word_1_157' title='bbox 963 2679 1091 2742; x_wconf 82' lang='lat' dir='ltr'><strong>Hercule</strong></span> <span class='ocrx_word' id='word_1_158' title='bbox 1114 2687 1196 2742; x_wconf 85' lang='lat' dir='ltr'><strong>certe</strong></span> 
     </span>
     <span class='ocr_line' id='line_1_24' title="bbox 367 2781 1190 2862; baseline 0 -20"><span class='ocrx_word' id='word_1_159' title='bbox 367 2781 426 2842; x_wconf 80' lang='lat' dir='ltr'><strong>lies</strong></span> <span class='ocrx_word' id='word_1_160' title='bbox 448 2789 511 2842; x_wconf 88' lang='lat' dir='ltr'><strong>acta</strong></span> <span class='ocrx_word' id='word_1_161' title='bbox 535 2790 580 2843; x_wconf 91' lang='lat' dir='ltr'><strong>est</strong></span> <span class='ocrx_word' id='word_1_162' title='bbox 603 2784 729 2862; x_wconf 72' lang='lat' dir='ltr'><strong>vicitque</strong></span> <span class='ocrx_word' id='word_1_163' title='bbox 751 2801 842 2844; x_wconf 83' lang='lat' dir='ltr'><strong>scuex</strong></span> <span class='ocrx_word' id='word_1_164' title='bbox 865 2786 1016 2862; x_wconf 87' lang='lat' dir='ltr'><strong>victorque</strong></span> <span class='ocrx_word' id='word_1_165' title='bbox 1038 2782 1190 2862; x_wconf 89' lang='lat' dir='ltr'><strong>triumpho</strong></span> 
     </span>
     <span class='ocr_line' id='line_1_25' title="bbox 368 2881 1129 2953; baseline -0.001 -10"><span class='ocrx_word' id='word_1_166' title='bbox 368 2883 542 2944; x_wconf 85' lang='lat' dir='ltr'><strong>Domminici</strong></span> <span class='ocrx_word' id='word_1_167' title='bbox 565 2884 685 2945; x_wconf 80' lang='lat' dir='ltr'><strong>Fratres</strong></span> <span class='ocrx_word' id='word_1_168' title='bbox 708 2885 775 2946; x_wconf 90' lang='lat' dir='ltr'><strong>duci</strong></span> <span class='ocrx_word' id='word_1_169' title='bbox 798 2883 892 2953; x_wconf 76' lang='lat' dir='ltr'><strong>iubet:</strong></span> <span class='ocrx_word' id='word_1_170' title='bbox 916 2883 1051 2945; x_wconf 87' lang='lat' dir='ltr'><strong>hostibus</strong></span> <span class='ocrx_word' id='word_1_171' title='bbox 1073 2881 1129 2943; x_wconf 90' lang='lat' dir='ltr'><strong>illis</strong></span> 
     </span>
    </p>

    <p class='ocr_par' dir='ltr' id='par_1_8' title="bbox 316 2984 1249 3463">
     <span class='ocr_line' id='line_1_26' title="bbox 316 2984 1249 3066; baseline -0.002 -20"><span class='ocrx_word' id='word_1_172' title='bbox 316 3006 354 3047; x_wconf 77' lang='lat' dir='ltr'><strong>iro</strong></span> <span class='ocrx_word' id='word_1_173' title='bbox 368 2984 540 3046; x_wconf 81' lang='lat' dir='ltr'><strong>Coniectum</strong></span> <span class='ocrx_word' id='word_1_174' title='bbox 564 2994 608 3046; x_wconf 88' lang='lat' dir='ltr'><strong>est</strong></span> <span class='ocrx_word' id='word_1_175' title='bbox 629 2985 750 3048; x_wconf 87' lang='lat' dir='ltr'><strong>bellum.</strong></span> <span class='ocrx_word' id='word_1_176' title='bbox 775 2994 835 3046; x_wconf 91' lang='lat' dir='ltr'><strong>tum</strong></span> <span class='ocrx_word' id='word_1_177' title='bbox 860 2988 908 3066; x_wconf 93' lang='lat' dir='ltr'><strong>qui</strong></span> <span class='ocrx_word' id='word_1_178' title='bbox 930 2986 1068 3047; x_wconf 87' lang='lat' dir='ltr'><strong>adiuvere</strong></span> <span class='ocrx_word' id='word_1_179' title='bbox 1091 2984 1249 3046; x_wconf 87' lang='lat' dir='ltr'><strong>trahuntur</strong></span> 
     </span>
     <span class='ocr_line' id='line_1_27' title="bbox 366 3087 1147 3167; baseline -0.003 -19"><span class='ocrx_word' id='word_1_180' title='bbox 366 3091 440 3150; x_wconf 78' lang='lat' dir='ltr'><strong>Ante</strong></span> <span class='ocrx_word' id='word_1_181' title='bbox 463 3087 655 3167; x_wconf 80' lang='lat' dir='ltr'><strong>triumphales</strong></span> <span class='ocrx_word' id='word_1_182' title='bbox 678 3087 826 3167; x_wconf 79' lang='lat' dir='ltr'><strong>Capuioue</strong></span> <span class='ocrx_word' id='word_1_183' title='bbox 848 3095 990 3166; x_wconf 87' lang='lat' dir='ltr'><strong>sequente</strong></span> <span class='ocrx_word' id='word_1_184' title='bbox 1013 3094 1147 3166; x_wconf 88' lang='lat' dir='ltr'><strong>paratus:</strong></span> 
     </span>
     <span class='ocr_line' id='line_1_28' title="bbox 367 3188 1168 3268; baseline 0.001 -19"><span class='ocrx_word' id='word_1_185' title='bbox 367 3189 408 3249; x_wconf 81' lang='lat' dir='ltr'><strong>Eu</strong></span> <span class='ocrx_word' id='word_1_186' title='bbox 432 3189 514 3250; x_wconf 87' lang='lat' dir='ltr'><strong>Ubiis</strong></span> <span class='ocrx_word' id='word_1_187' title='bbox 535 3188 648 3251; x_wconf 83' lang='lat' dir='ltr'><strong>delecta</strong></span> <span class='ocrx_word' id='word_1_188' title='bbox 672 3207 792 3261; x_wconf 79' lang='lat' dir='ltr'><strong>maurus,</strong></span> <span class='ocrx_word' id='word_1_189' title='bbox 816 3198 862 3262; x_wconf 89' lang='lat' dir='ltr'><strong>tu,</strong></span> <span class='ocrx_word' id='word_1_190' title='bbox 885 3189 1035 3268; x_wconf 81' lang='lat' dir='ltr'><strong>Tuugare,</strong></span> <span class='ocrx_word' id='word_1_191' title='bbox 1060 3189 1168 3251; x_wconf 81' lang='lat' dir='ltr'><strong>trustra</strong></span> 
     </span>
     <span class='ocr_line' id='line_1_29' title="bbox 367 3291 1219 3371; baseline 0.001 -20"><span class='ocrx_word' id='word_1_192' title='bbox 367 3291 454 3352; x_wconf 87' lang='lat' dir='ltr'><strong>Nunc</strong></span> <span class='ocrx_word' id='word_1_193' title='bbox 475 3309 617 3362; x_wconf 74' lang='lat' dir='ltr'><strong>merens,</strong></span> <span class='ocrx_word' id='word_1_194' title='bbox 641 3293 750 3371; x_wconf 90' lang='lat' dir='ltr'><strong>quique</strong></span> <span class='ocrx_word' id='word_1_195' title='bbox 772 3293 918 3370; x_wconf 82' lang='lat' dir='ltr'><strong>insigues,</strong></span> <span class='ocrx_word' id='word_1_196' title='bbox 942 3291 1076 3361; x_wconf 82' lang='lat' dir='ltr'><strong>Ortriue,</strong></span> <span class='ocrx_word' id='word_1_197' title='bbox 1100 3292 1219 3353; x_wconf 82' lang='lat' dir='ltr'><strong>furores</strong></span> 
     </span>
     <span class='ocr_line' id='line_1_30' title="bbox 366 3391 1101 3463; baseline 0.001 -9"><span class='ocrx_word' id='word_1_198' title='bbox 366 3393 514 3454; x_wconf 83' lang='lat' dir='ltr'><strong>Attuleras</strong></span> <span class='ocrx_word' id='word_1_199' title='bbox 536 3401 650 3463; x_wconf 90' lang='lat' dir='ltr'><strong>tecum,</strong></span> <span class='ocrx_word' id='word_1_200' title='bbox 674 3411 777 3454; x_wconf 85' lang='lat' dir='ltr'><strong>vanam</strong></span> <span class='ocrx_word' id='word_1_201' title='bbox 800 3395 864 3454; x_wconf 90' lang='lat' dir='ltr'><strong>sine</strong></span> <span class='ocrx_word' id='word_1_202' title='bbox 886 3391 995 3454; x_wconf 87' lang='lat' dir='ltr'><strong>viribus</strong></span> <span class='ocrx_word' id='word_1_203' title='bbox 1017 3395 1101 3455; x_wconf 91' lang='lat' dir='ltr'><strong>iram.</strong></span> 
     </span>
    </p>

    <p class='ocr_par' dir='ltr' id='par_1_9' title="bbox 318 3493 1162 3982">
     <span class='ocr_line' id='line_1_31' title="bbox 318 3493 1087 3574; baseline 0 -20"><span class='ocrx_word' id='word_1_204' title='bbox 318 3517 353 3555; x_wconf 80' lang='lat' dir='ltr'><strong>iu</strong></span> <span class='ocrx_word' id='word_1_205' title='bbox 369 3494 423 3555; x_wconf 88' lang='lat' dir='ltr'><strong>llic</strong></span> <span class='ocrx_word' id='word_1_206' title='bbox 445 3514 545 3558; x_wconf 89' lang='lat' dir='ltr'><strong>comes</strong></span> <span class='ocrx_word' id='word_1_207' title='bbox 568 3502 597 3557; x_wconf 93' lang='lat' dir='ltr'><strong>et</strong></span> <span class='ocrx_word' id='word_1_208' title='bbox 618 3493 687 3556; x_wconf 92' lang='lat' dir='ltr'><strong>belli</strong></span> <span class='ocrx_word' id='word_1_209' title='bbox 709 3493 851 3556; x_wconf 90' lang='lat' dir='ltr'><strong>scelerata</strong></span> <span class='ocrx_word' id='word_1_210' title='bbox 874 3494 980 3572; x_wconf 82' lang='lat' dir='ltr'><strong>ligatur</strong></span> <span class='ocrx_word' id='word_1_211' title='bbox 1003 3497 1087 3574; x_wconf 80' lang='lat' dir='ltr'><strong>origo</strong></span> 
     </span>
     <span class='ocr_line' id='line_1_32' title="bbox 367 3596 1122 3676; baseline 0.001 -20"><span class='ocrx_word' id='word_1_212' title='bbox 367 3596 410 3656; x_wconf 80' lang='lat' dir='ltr'><strong>tu</strong></span> <span class='ocrx_word' id='word_1_213' title='bbox 434 3596 540 3658; x_wconf 80' lang='lat' dir='ltr'><strong>Christi</strong></span> <span class='ocrx_word' id='word_1_214' title='bbox 562 3604 673 3661; x_wconf 89' lang='lat' dir='ltr'><strong>temero</strong></span> <span class='ocrx_word' id='word_1_215' title='bbox 696 3604 806 3658; x_wconf 85' lang='lat' dir='ltr'><strong>sectam</strong></span> <span class='ocrx_word' id='word_1_216' title='bbox 830 3596 984 3659; x_wconf 88' lang='lat' dir='ltr'><strong>traductus</strong></span> <span class='ocrx_word' id='word_1_217' title='bbox 1005 3596 1122 3676; x_wconf 73' lang='lat' dir='ltr'><strong>Apella,</strong></span> 
     </span>
     <span class='ocr_line' id='line_1_33' title="bbox 367 3696 1162 3778; baseline 0.003 -20"><span class='ocrx_word' id='word_1_218' title='bbox 367 3696 461 3767; x_wconf 85' lang='lat' dir='ltr'><strong>Quem</strong></span> <span class='ocrx_word' id='word_1_219' title='bbox 484 3699 616 3778; x_wconf 91' lang='lat' dir='ltr'><strong>sequitur</strong></span> <span class='ocrx_word' id='word_1_220' title='bbox 639 3718 763 3760; x_wconf 90' lang='lat' dir='ltr'><strong>numero</strong></span> <span class='ocrx_word' id='word_1_221' title='bbox 785 3717 845 3759; x_wconf 91' lang='lat' dir='ltr'><strong>nou</strong></span> <span class='ocrx_word' id='word_1_222' title='bbox 868 3697 1034 3760; x_wconf 86' lang='lat' dir='ltr'><strong>enarrabile</strong></span> <span class='ocrx_word' id='word_1_223' title='bbox 1058 3698 1162 3778; x_wconf 85' lang='lat' dir='ltr'><strong>vulgus</strong></span> 
     </span>
     <span class='ocr_line' id='line_1_34' title="bbox 366 3798 1159 3880; baseline 0.004 -20"><span class='ocrx_word' id='word_1_224' title='bbox 366 3798 461 3861; x_wconf 81' lang='lat' dir='ltr'><strong>Triste</strong></span> <span class='ocrx_word' id='word_1_225' title='bbox 485 3800 690 3880; x_wconf 88' lang='lat' dir='ltr'><strong>Sophistarum</strong></span> <span class='ocrx_word' id='word_1_226' title='bbox 713 3803 861 3879; x_wconf 89' lang='lat' dir='ltr'><strong>vinctique</strong></span> <span class='ocrx_word' id='word_1_227' title='bbox 883 3819 899 3861; x_wconf 89' lang='lat' dir='ltr'><strong>a</strong></span> <span class='ocrx_word' id='word_1_228' title='bbox 922 3802 992 3861; x_wconf 87' lang='lat' dir='ltr'><strong>lune</strong></span> <span class='ocrx_word' id='word_1_229' title='bbox 1014 3801 1159 3879; x_wconf 82' lang='lat' dir='ltr'><strong>Magistri,</strong></span> 
     </span>
     <span class='ocr_line' id='line_1_35' title="bbox 365 3901 1137 3982; baseline 0 -21"><span class='ocrx_word' id='word_1_230' title='bbox 365 3903 435 3962; x_wconf 83' lang='lat' dir='ltr'><strong>Ausi</strong></span> <span class='ocrx_word' id='word_1_231' title='bbox 457 3920 560 3963; x_wconf 90' lang='lat' dir='ltr'><strong>omues</strong></span> <span class='ocrx_word' id='word_1_232' title='bbox 581 3903 708 3964; x_wconf 90' lang='lat' dir='ltr'><strong>immane</strong></span> <span class='ocrx_word' id='word_1_233' title='bbox 730 3904 842 3982; x_wconf 87' lang='lat' dir='ltr'><strong>nephas</strong></span> <span class='ocrx_word' id='word_1_234' title='bbox 863 3920 995 3981; x_wconf 87' lang='lat' dir='ltr'><strong>ausoque</strong></span> <span class='ocrx_word' id='word_1_235' title='bbox 1017 3901 1137 3980; x_wconf 90' lang='lat' dir='ltr'><strong>repulsi.</strong></span> 
     </span>
    </p>

    <p class='ocr_par' dir='ltr' id='par_1_10' title="bbox 316 4002 1242 4084">
     <span class='ocr_line' id='line_1_36' title="bbox 316 4002 1242 4084; baseline 0.001 -20"><span class='ocrx_word' id='word_1_236' title='bbox 316 4024 352 4064; x_wconf 82' lang='lat' dir='ltr'><strong>uu</strong></span> <span class='ocrx_word' id='word_1_237' title='bbox 368 4002 448 4073; x_wconf 84' lang='lat' dir='ltr'><strong>Quos</strong></span> <span class='ocrx_word' id='word_1_238' title='bbox 470 4004 536 4083; x_wconf 89' lang='lat' dir='ltr'><strong>quia</strong></span> <span class='ocrx_word' id='word_1_239' title='bbox 559 4022 638 4065; x_wconf 92' lang='lat' dir='ltr'><strong>nunc</strong></span> <span class='ocrx_word' id='word_1_240' title='bbox 660 4012 773 4084; x_wconf 88' lang='lat' dir='ltr'><strong>spectat</strong></span> <span class='ocrx_word' id='word_1_241' title='bbox 794 4003 930 4066; x_wconf 88' lang='lat' dir='ltr'><strong>manibus</strong></span> <span class='ocrx_word' id='word_1_242' title='bbox 952 4011 1020 4083; x_wconf 88' lang='lat' dir='ltr'><strong>post</strong></span> <span class='ocrx_word' id='word_1_243' title='bbox 1039 4010 1123 4082; x_wconf 85' lang='lat' dir='ltr'><strong>terga</strong></span> <span class='ocrx_word' id='word_1_244' title='bbox 1145 4005 1242 4083; x_wconf 84' lang='lat' dir='ltr'><strong>ligatis</strong></span> 
     </span>
    </p>
   </div>
   <div class='ocr_carea' id='block_1_3' title="bbox 163 4222 1440 4800">
    <p class='ocr_par' dir='ltr' id='par_1_11' title="bbox 163 4222 1440 4800">
     <span class='ocr_line' id='line_1_37' title="bbox 234 4222 1439 4290; baseline -0.003 -16"><span class='ocrx_word' id='word_1_245' title='bbox 234 4224 264 4258; x_wconf 80' lang='lat'><strong>¹¹⁸</strong></span> <span class='ocrx_word' id='word_1_246' title='bbox 283 4224 387 4277; x_wconf 86' lang='lat' dir='ltr'><strong>Otones</strong></span> <span class='ocrx_word' id='word_1_247' title='bbox 405 4229 430 4275; x_wconf 81' lang='lat'><strong>5.</strong></span> <span class='ocrx_word' id='word_1_248' title='bbox 477 4223 716 4275; x_wconf 78' lang='lat' dir='ltr'><strong>¹¹⁰Muximilisue</strong></span> <span class='ocrx_word' id='word_1_249' title='bbox 736 4229 795 4276; x_wconf 74' lang='grc'><strong><em>3.4.</em></strong></span> <span class='ocrx_word' id='word_1_250' title='bbox 845 4223 877 4257; x_wconf 72' lang='lat'><strong>¹²⁰</strong></span> <span class='ocrx_word' id='word_1_251' title='bbox 894 4223 999 4290; x_wconf 83' lang='lat' dir='ltr'><strong>plausis</strong></span> <span class='ocrx_word' id='word_1_252' title='bbox 1019 4228 1043 4275; x_wconf 81' lang='grc'><strong>4.</strong></span> <span class='ocrx_word' id='word_1_253' title='bbox 1092 4222 1124 4256; x_wconf 77' lang='lat'><strong>¹²⁸</strong></span> <span class='ocrx_word' id='word_1_254' title='bbox 1143 4225 1227 4274; x_wconf 85' lang='lat' dir='ltr'><strong>etium</strong></span> <span class='ocrx_word' id='word_1_255' title='bbox 1245 4224 1317 4275; x_wconf 79' lang='lat' dir='ltr'><strong>lsuri</strong></span> <span class='ocrx_word' id='word_1_256' title='bbox 1336 4224 1439 4274; x_wconf 82' lang='lat' dir='ltr'><strong>frondes.</strong></span> 
     </span>
     <span class='ocr_line' id='line_1_38' title="bbox 164 4308 1439 4375; baseline -0.005 -15"><span class='ocrx_word' id='word_1_257' title='bbox 164 4311 318 4374; x_wconf 77' lang='lat' dir='ltr'><strong>Huttenus,</strong></span> <span class='ocrx_word' id='word_1_258' title='bbox 341 4326 401 4360; x_wconf 90' lang='lat' dir='ltr'><strong>cum</strong></span> <span class='ocrx_word' id='word_1_259' title='bbox 423 4309 475 4359; x_wconf 90' lang='lat' dir='ltr'><strong>hoc</strong></span> <span class='ocrx_word' id='word_1_260' title='bbox 499 4309 641 4359; x_wconf 87' lang='lat' dir='ltr'><strong>eucomion</strong></span> <span class='ocrx_word' id='word_1_261' title='bbox 659 4309 840 4370; x_wconf 80' lang='lat' dir='ltr'><strong>scriberetur,</strong></span> <span class='ocrx_word' id='word_1_262' title='bbox 863 4308 988 4360; x_wconf 83' lang='lat' dir='ltr'><strong>lsureem</strong></span> <span class='ocrx_word' id='word_1_263' title='bbox 1012 4325 1141 4360; x_wconf 73' lang='lat' dir='ltr'><strong>coronam</strong></span> <span class='ocrx_word' id='word_1_264' title='bbox 1159 4310 1278 4360; x_wconf 87' lang='lat' dir='ltr'><strong>nondum</strong></span> <span class='ocrx_word' id='word_1_265' title='bbox 1298 4312 1439 4375; x_wconf 84' lang='lat' dir='ltr'><strong>occeperst.</strong></span> 
     </span>
     <span class='ocr_line' id='line_1_39' title="bbox 164 4391 1439 4459; baseline -0.005 -15"><span class='ocrx_word' id='word_1_266' title='bbox 164 4392 195 4425; x_wconf 75' lang='lat'><strong>¹³⁹</strong></span> <span class='ocrx_word' id='word_1_267' title='bbox 214 4395 380 4445; x_wconf 90' lang='lat' dir='ltr'><strong>Domminic.</strong></span> <span class='ocrx_word' id='word_1_268' title='bbox 397 4394 519 4445; x_wconf 78' lang='lat' dir='ltr'><strong>scribitur</strong></span> <span class='ocrx_word' id='word_1_269' title='bbox 540 4395 683 4458; x_wconf 68' lang='lat' dir='ltr'><strong>trisyllaba</strong></span> <span class='ocrx_word' id='word_1_270' title='bbox 701 4398 840 4459; x_wconf 79' lang='lat' dir='ltr'><strong>lonpusit;</strong></span> <span class='ocrx_word' id='word_1_271' title='bbox 863 4393 1000 4444; x_wconf 74' lang='lat' dir='ltr'><strong>Dominio,</strong></span> <span class='ocrx_word' id='word_1_272' title='bbox 1018 4395 1168 4445; x_wconf 69' lang='lat' dir='ltr'><strong>hexameter</strong></span> <span class='ocrx_word' id='word_1_273' title='bbox 1190 4409 1240 4444; x_wconf 80' lang='lat' dir='ltr'><strong>non</strong></span> <span class='ocrx_word' id='word_1_274' title='bbox 1262 4397 1326 4458; x_wconf 79' lang='lat' dir='ltr'><strong>fert.</strong></span> <span class='ocrx_word' id='word_1_275' title='bbox 1361 4391 1439 4443; x_wconf 82' lang='grc' dir='ltr'><strong>1)οωί-</strong></span> 
     </span>
     <span class='ocr_line' id='line_1_40' title="bbox 163 4477 1440 4545; baseline -0.002 -17"><span class='ocrx_word' id='word_1_276' title='bbox 163 4481 219 4529; x_wconf 89' lang='lat' dir='ltr'><strong>uiei</strong></span> <span class='ocrx_word' id='word_1_277' title='bbox 239 4483 332 4531; x_wconf 79' lang='lat' dir='ltr'><strong>r.u.7.</strong></span> <span class='ocrx_word' id='word_1_278' title='bbox 391 4477 424 4511; x_wconf 70' lang='lat'><strong>¹⁴2</strong></span> <span class='ocrx_word' id='word_1_279' title='bbox 441 4480 521 4530; x_wconf 80' lang='lat' dir='ltr'><strong>Ubiis</strong></span> <span class='ocrx_word' id='word_1_280' title='bbox 539 4497 573 4523; x_wconf 94' lang='lat'>=</span> <span class='ocrx_word' id='word_1_281' title='bbox 592 4477 812 4529; x_wconf 78' lang='lat' dir='ltr'><strong>coloniensibus.</strong></span> <span class='ocrx_word' id='word_1_282' title='bbox 866 4479 1002 4529; x_wconf 79' lang='lat' dir='ltr'><strong>Arnolslns</strong></span> <span class='ocrx_word' id='word_1_283' title='bbox 1020 4479 1054 4529; x_wconf 86' lang='lat' dir='ltr'><strong>de</strong></span> <span class='ocrx_word' id='word_1_284' title='bbox 1072 4479 1201 4545; x_wconf 84' lang='lat' dir='ltr'><strong>Tungris.</strong></span> <span class='ocrx_word' id='word_1_285' title='bbox 1275 4478 1306 4510; x_wconf 79' lang='lat'><strong>¹⁴³</strong></span> <span class='ocrx_word' id='word_1_286' title='bbox 1324 4478 1440 4528; x_wconf 76' lang='lat' dir='ltr'><strong>Ortrious</strong></span> 
     </span>
     <span class='ocr_line' id='line_1_41' title="bbox 165 4558 1439 4629; baseline -0.005 -14"><span class='ocrx_word' id='word_1_287' title='bbox 165 4564 276 4615; x_wconf 83' lang='lat' dir='ltr'><strong>Gratius</strong></span> <span class='ocrx_word' id='word_1_288' title='bbox 293 4569 345 4615; x_wconf 88' lang='lat' dir='ltr'><strong>siue</strong></span> <span class='ocrx_word' id='word_1_289' title='bbox 364 4566 395 4614; x_wconf 80' lang='lat' dir='ltr'><strong>de</strong></span> <span class='ocrx_word' id='word_1_290' title='bbox 415 4566 505 4615; x_wconf 84' lang='lat' dir='ltr'><strong>Grues.</strong></span> <span class='ocrx_word' id='word_1_291' title='bbox 576 4561 608 4595; x_wconf 76' lang='lat'><strong>¹⁴⁸</strong></span> <span class='ocrx_word' id='word_1_292' title='bbox 626 4569 657 4612; x_wconf 92' lang='lat' dir='ltr'><strong>ut</strong></span> <span class='ocrx_word' id='word_1_293' title='bbox 677 4566 794 4613; x_wconf 89' lang='lat' dir='ltr'><strong>‘tenuem</strong></span> <span class='ocrx_word' id='word_1_294' title='bbox 813 4562 873 4612; x_wconf 89' lang='lat' dir='ltr'><strong>sine</strong></span> <span class='ocrx_word' id='word_1_295' title='bbox 892 4562 998 4614; x_wconf 85' lang='lat' dir='ltr'><strong>viribus</strong></span> <span class='ocrx_word' id='word_1_296' title='bbox 1016 4564 1148 4614; x_wconf 81' lang='lat' dir='ltr'><strong>umbrem&#39;</strong></span> <span class='ocrx_word' id='word_1_297' title='bbox 1172 4565 1251 4629; x_wconf 75' lang='lat' dir='ltr'><strong>Ver-9.</strong></span> <span class='ocrx_word' id='word_1_298' title='bbox 1264 4564 1333 4613; x_wconf 80' lang='lat' dir='ltr'><strong>Aen.</strong></span> <span class='ocrx_word' id='word_1_299' title='bbox 1348 4563 1379 4612; x_wconf 83' lang='lat' dir='ltr'><strong>X.</strong></span> <span class='ocrx_word' id='word_1_300' title='bbox 1392 4558 1439 4609; x_wconf 78' lang='grc'><strong>636.</strong></span> 
     </span>
     <span class='ocr_line' id='line_1_42' title="bbox 165 4643 1439 4714; baseline -0.003 -17"><span class='ocrx_word' id='word_1_301' title='bbox 165 4643 332 4698; x_wconf 79' lang='lat' dir='ltr'><strong>¹⁴⁰10enuos</strong></span> <span class='ocrx_word' id='word_1_302' title='bbox 350 4648 544 4712; x_wconf 85' lang='lat' dir='ltr'><strong>Plelierkom,</strong></span> <span class='ocrx_word' id='word_1_303' title='bbox 564 4665 598 4698; x_wconf 85' lang='lat' dir='ltr'><strong>ex</strong></span> <span class='ocrx_word' id='word_1_304' title='bbox 614 4649 707 4699; x_wconf 80' lang='lat' dir='ltr'><strong>Iudaeo</strong></span> <span class='ocrx_word' id='word_1_305' title='bbox 720 4649 904 4699; x_wconf 81' lang='lat' dir='ltr'><strong>Christianus.</strong></span> <span class='ocrx_word' id='word_1_306' title='bbox 958 4647 990 4682; x_wconf 80' lang='lat'><strong>¹⁴⁸</strong></span> <span class='ocrx_word' id='word_1_307' title='bbox 1008 4648 1210 4714; x_wconf 76' lang='lat' dir='ltr'><strong>Theologorum</strong></span> <span class='ocrx_word' id='word_1_308' title='bbox 1229 4647 1439 4699; x_wconf 78' lang='lat' dir='ltr'><strong>scholasticorum</strong></span> 
     </span>
     <span class='ocr_line' id='line_1_43' title="bbox 164 4730 980 4800; baseline 0.005 -21"><span class='ocrx_word' id='word_1_309' title='bbox 164 4730 412 4798; x_wconf 80' lang='lat' dir='ltr'><strong>Magistrorumque</strong></span> <span class='ocrx_word' id='word_1_310' title='bbox 431 4734 589 4784; x_wconf 87' lang='lat' dir='ltr'><strong>Nostrorum</strong></span> <span class='ocrx_word' id='word_1_311' title='bbox 607 4749 683 4800; x_wconf 83' lang='lat' dir='ltr'><strong>grex.</strong></span> <span class='ocrx_word' id='word_1_312' title='bbox 738 4731 770 4765; x_wconf 80' lang='lat'><strong>¹⁴⁰</strong></span> <span class='ocrx_word' id='word_1_313' title='bbox 788 4734 869 4784; x_wconf 79' lang='lat' dir='ltr'><strong>netes</strong></span> <span class='ocrx_word' id='word_1_314' title='bbox 889 4737 914 4783; x_wconf 84' lang='lat'><strong>3.</strong></span> <span class='ocrx_word' id='word_1_315' title='bbox 922 4736 946 4784; x_wconf 74' lang='grc'><strong>4.</strong></span> <span class='ocrx_word' id='word_1_316' title='bbox 955 4737 980 4783; x_wconf 86' lang='grc'><strong>7.</strong></span> 
     </span>
    </p>
   </div>
   <div class='ocr_carea' id='block_1_4' title="bbox 0 0 1640 5354">
    <p class='ocr_par' dir='ltr' id='par_1_12' title="bbox 0 0 1640 5354">
     <span class='ocr_line' id='line_1_44' title="bbox 0 0 1640 5354; baseline 0 0"><span class='ocrx_word' id='word_1_317' title='bbox 0 0 1640 5354; x_wconf 95' lang='lat' dir='ltr'><strong> </strong></span> 
     </span>
    </p>
   </div>
  </div>
 </body>
</html>
