3270 5354
90 361 183 398 ll'lss'l'·
195 362 335 399 vultuosus
346 362 451 398 canant
462 361 561 398 cvsnrtr
573 363 607 396 nn
619 336 968 400 nxvsn.n1nn0n.nvnnnn1
978 365 1013 398 BT
1023 363 1264 400 CBVNR.SABGTOB.
1279 335 1353 406 463

57 529 137 585 rant,
170 520 319 578 mendaciis
341 539 399 578 rem
428 523 550 594 adgressi
581 529 660 584 sunt,
695 529 723 576 et
752 522 860 596 quidem
889 531 942 578 tarn
975 523 1092 596 apertis,
1131 532 1162 580 ut
1189 541 1268 580 ncrno
1297 542 1351 581 non

57 606 234 683 quantumvis
256 606 393 664 lusciosus
413 607 417 680 Ι
436 607 509 664 clare
523 607 640 663 videret.
665 616 799 680 suggestu
815 606 982 664 sacrificulus
998 608 1043 664 ille
1058 608 1254 666 monachorum
1270 626 1353 684 opera

58 701 87 749 et
106 700 263 749 commento
285 693 437 749 instructus
460 693 492 749 ad
515 690 646 766 populum
671 699 744 747 tanta
767 693 932 765 impudentia
962 693 1092 750 detonare
1121 711 1205 751 ausus
1232 703 1289 760 est,
1321 702 1352 750 ut

59 777 218 847 mendacia,
248 794 367 850 quorum
390 777 460 834 bona
491 795 554 852 pars
577 778 732 833 auditorum
766 778 846 832 etiam
880 779 989 834 conscia
1012 778 1079 841 fuit,
1110 779 1239 852 perfricta
1262 779 1352 835 fronte

37 872 151 921 scoram
173 861 283 918 mentiri
307 879 361 918 nou
377 863 526 919 erubuerit.
555 863 594 918 nd
610 879 706 935 rogum
731 862 853 935 quidem,
876 864 1020 919 bernensis
1042 863 1263 936 conflagrationis
1286 874 1352 938 typo

58 954 230 1008 extructum.
251 947 418 1004 declamator
440 946 486 1004 ille
510 948 680 1021 nugiveudus
703 948 812 1003 adstans
835 948 1016 1022 imperatoriae
1036 948 1186 1005 maiestatis
1201 958 1229 1005 et
1252 949 1353 1023 princi·

57 1049 123 1107 pura
138 1033 383 1106 septemvirorum‚
406 1050 490 1107 penos
513 1051 583 1106 quos
598 1033 730 1089 Caesarem
753 1033 911 1105 designandi
928 1034 970 1088 ius
986 1040 1027 1089 est
1043 1043 1071 1089 et
1086 1041 1219 1107 potestas.
1236 1051 1350 1090 assensu

57 1117 171 1175 botheri
195 1117 315 1173 baeretici
339 1116 441 1181 libros,
464 1127 653 1180 monumenta,
677 1136 738 1190 quaa
761 1126 789 1173 ut
814 1118 962 1191 posteritas
984 1117 1088 1174 coleret
1111 1118 1235 1191 indigna,
1263 1118 1351 1192 palam

57 1202 243 1264 concremari,
272 1203 422 1259 induratam
446 1204 562 1260 bominis
586 1221 639 1259 non
664 1203 776 1258 scremlo
798 1220 892 1259 errrore
915 1203 1013 1275 insigni
1037 1212 1218 1261 sacrosanctae
1241 1212 1352 1276 aposto·

28 1286 122 1344 toliere
151 1287 294 1346 sententiae
322 1289 395 1344 facto
423 1289 600 1362 pertinaciam
628 1288 761 1344 testando.
796 1286 905 1343 illorum
939 1289 1004 1343 item
1034 1297 1088 1345 tam
1117 1287 1258 1361 probando
1288 1297 1351 1345 voto

59 1372 90 1428 S.
112 1371 142 1427 P.
165 1370 197 1440 Q.
220 1371 408 1429 coloniensem
437 1382 595 1429 constanter
623 1372 755 1446 singulari
786 1373 900 1446 quadarn
930 1374 968 1428 rei
998 1373 1158 1447 indignitate
1186 1381 1352 1429 commotum

58 1455 248 1519 subscribere,
281 1457 315 1513 iis
344 1467 372 1514 et
394 1457 474 1532 longe
497 1458 622 1533 pluribus
648 1458 810 1532 impudentis
834 1459 963 1514 menrlacii
991 1459 1033 1515 sui
1065 1458 1158 1517 irreuiis
1190 1457 1275 1514 seculi
1299 1459 1351 1514 iste

58 1541 189 1599 sacerdos
215 1541 380 1616 impietatem
410 1545 479 1599 banc
509 1544 640 1600 adornare
664 1545 690 1598 in
719 1541 799 1615 plebe
829 1542 939 1599 molitus
962 1551 1013 1599 est.
1047 1543 1121 1610 Quo,
1144 1543 1250 1602 Christe
1272 1542 1415 1605 bonetto

58 1627 193 1701 respicis?
217 1643 282 1683 nutu
298 1628 366 1683 banc
381 1637 486 1702 pestem
506 1618 779 1700 fulnrine‘aliquando
795 1627 950 1684 disturbas?
973 1629 1096 1690 nudent,
1111 1627 1188 1684 nullo
1203 1637 1353 1688 aversante.

27 1726 109 1768 vanec
139 1712 221 1768 mum
243 1713 412 1769 hominemne
436 1713 552 1769 ultorem
578 1714 643 1768 tanti
667 1713 778 1768 sceleris
801 1721 941 1774 verentes.
970 1712 1057 1786 palam
1086 1731 1148 1788 quas
1176 1712 1275 1769 diaboli
1300 1714 1353 1769 fer-

58 1805 154 1854 mento
176 1805 255 1854 eruta
278 1805 342 1853 sunt
363 1798 499 1855 mendacia
521 1816 582 1855 cum
599 1799 698 1854 Christi
723 1797 861 1870 evangelio
884 1800 965 1854 mixta
988 1797 1091 1872 populo
1107 1799 1264 1872 praedicare.
1288 1797 1354 1865 (liris

58 1881 111 1939 boc
133 1889 293 1955 serpentum
322 1890 349 1938 et
376 1883 529 1956 viperarum
557 1901 645 1956 genus
673 1881 773 1939 diaboli
796 1900 886 1939 semen
916 1900 977 1939 esse
1004 1901 1059 1939 non
1081 1883 1164 1944 dicat.
1199 1884 1243 1958 qui
1267 1891 1354 1957 patris

58 1965 124 2023 ludo
141 1965 262 2023 instituti
286 1975 338 2023 tarn
361 1969 540 2024 inverecunde
564 1968 665 2041 absque
689 1968 760 2023 ouini
784 1977 857 2024 rnetu
880 1969 980 2042 passim
1003 1969 1110 2025 mentiri
1133 1977 1188 2026 tam
1210 1968 1355 2040 insigniter

59 2068 116 2108 uon
138 2049 321 2109 erubescunt?
343 2051 424 2114 Esto,
448 2054 612 2128 imperatore
635 2053 816 2114 connivente,
850 2055 922 2127 quod
946 2062 976 2109 ut
999 2054 1105 2111 credam
1129 2071 1260 2128 perquam
1283 2052 1355 2108 difli-

25 2136 112 2194 aacile
135 2136 263 2200 inducor,
293 2146 324 2194 ut
351 2155 386 2193 ne
407 2140 548 2195 mandasse
571 2139 678 2213 quidem
707 2146 810 2194 tantuna
833 2140 916 2195 beroa
943 2139 1029 2196 alicam
1057 2140 1161 2196 facinus
1189 2138 1268 2201 illud,
1306 2154 1354 2211 per

59 2240 108 2278 vos
130 2222 200 2279 mira
223 2222 354 2297 vapbritia
378 2225 568 2288 commissum
601 2224 668 2280 adde
698 2232 726 2279 et
758 2223 863 2296 aliquot
885 2225 1006 2281 ciusdem
1029 2227 1174 2298 unguenti,
1213 2240 1282 2297 quos
1311 2221 1352 2278 vel

60 2315 136 2381 tyara
158 2306 281 2363 Romano
313 2308 435 2381 pontifici
468 2310 612 2366 admodum
645 2310 774 2371 devincit,
809 2310 879 2364 votis
912 2311 1009 2367 vestris
1042 2308 1187 2366 consilium
1220 2325 1353 2382 opemque

57 2391 172 2448 tulisse:
196 2400 260 2449 tune
276 2393 408 2467 proinde,
426 2394 630 2451 mendacissime
646 2395 823 2469 praedicator,
848 2402 984 2469 quotquot
1000 2395 1112 2452 aderant
1134 2391 1271 2468 principes
1290 2393 1353 2454 viri,

58 2493 107 2533 eos
130 2477 194 2533 lauic
216 2478 355 2551 tragediae
378 2480 515 2536 involvere
537 2497 621 2536 ausus
637 2480 683 2535 esi
706 2480 794 2536 credis
818 2487 860 2534 tot
877 2482 1015 2536 bominum
1031 2477 1105 2535 mille
1128 2478 1202 2535 milia
1218 2488 1271 2535 tam
1293 2494 1354 2534 esse

24 2561 202 2636 tsstupidos‚
231 2571 263 2619 ut
291 2563 440 2620 multorum
471 2565 624 2637 ignorantia
652 2566 805 2638 principum
834 2565 924 2622 scelus
955 2574 1030 2621 tuuru
1059 2565 1218 2637 adgressum
1247 2571 1274 2618 te
1297 2579 1351 2618 non

59 2646 168 2703 videant
190 2647 425 2722 intellegantque?
459 2648 581 2716 Quorum
605 2651 627 2704 si
650 2644 744 2726 alilqui
767 2652 848 2705 etiam
876 2667 907 2706 ex
931 2650 1074 2724 precipuis
1097 2649 1263 2715 adfuissent,
1286 2647 1410 2703 nitier·

58 2731 153 2795 crede.
179 2740 217 2795 tu,
239 2727 409 2807 ineptissime
433 2734 583 2809 impostor,
606 2752 686 2807 quun
709 2751 763 2789 non
787 2733 881 2807 procul
912 2751 927 2789 a
949 2734 1043 2807 populi
1066 2733 1200 2789 seditione
1229 2733 1256 2787 in
1279 2740 1352 2788 tuam

57 2817 209 2891 perniciem
230 2816 351 2874 abluisse
373 2819 496 2875 diceres?
519 2828 547 2875 et
568 2819 669 2893 dignus
692 2819 800 2890 quidem
829 2821 881 2874 boc
904 2819 1040 2891 stipendio
1063 2818 1286 2874 mendacissimus
1309 2816 1354 2871 de·

58 2900 220 2958 blaterator.
243 2903 291 2959 sed
314 2911 342 2959 tu
367 2903 416 2959 tibi
432 2906 558 2979 prospice
579 2921 659 2978 quam
675 2912 755 2977 potos
771 2903 885 2959 inarime
901 2903 1062 2977 prudenter,
1086 2900 1212 2958 Kalendae
1234 2901 1354 2958 nondum

24 2985 203 3049 scabierum,
226 2986 342 3044 Senatus
362 2998 494 3061 qrrvatorea
518 3007 596 3063 qaam
619 2989 760 3062 egerrime
784 2995 859 3044 tuum
882 2987 1027 3045 infamandi
1049 2988 1148 3044 rictum
1163 2995 1192 3041 et
1206 2987 1354 3043 mentiendi

61 3071 255 3146 impudentiam
279 3072 387 3135 tulerit,
412 3081 470 3129 tuto
494 3073 542 3129 tibi
565 3075 669 3131 abunde
694 3075 772 3129 testis
795 3091 837 3135 es,
862 3073 926 3146 qui,
951 3080 979 3127 ut
1002 3072 1168 3146 pertinacius
1186 3080 1232 3127 tuo
1249 3071 1353 3144 llagitio

58 3172 157 3232 posses
179 3158 360 3231 patrocinari,
390 3169 509 3215 sanctam
534 3161 601 3215 tanti
625 3160 800 3232 arragistratus
823 3159 1005 3231 iutegritatem
1028 3157 1219 3230 impurissimis
1235 3156 1291 3212 oris
1316 3159 1352 3212 tui

58 3360 112 3407 est.
131 3357 258 3408 Veritste
277 3358 347 3407 nibil
366 3363 508 3422 poteraut:
528 3360 691 3420 mendaciis,
712 3364 740 3407 et
759 3359 867 3423 quidem
886 3362 942 3407 tam
962 3357 1075 3422 apertis,
1096 3361 1125 3405 ut
1144 3372 1224 3406 nemo
1242 3371 1296 3406 non
1314 3357 1354 3407 vi·

58 3440 150 3500 daret,
170 3457 228 3491 rem
246 3443 372 3508 adgressi
390 3448 461 3494 sunt.
492 3445 581 3505 erum
600 3445 672 3493 euim
691 3443 847 3493 cucullatus
865 3442 913 3492 illc
932 3441 1033 3491 nebulo
1051 3441 1085 3491 de
1104 3446 1238 3508 suggestu
1258 3441 1292 3492 ad
1311 3457 1353 3491 ro·

25 3540 137 3591 mgum,
158 3540 238 3590 quem
257 3526 292 3577 ad
310 3534 405 3593 typum
422 3529 572 3580 Beruensis
592 3529 818 3594 conflagrationis
838 3531 1026 3589 extruxerant,
1052 3526 1222 3593 gaudialiter
1239 3527 1354 3576 detona-

59 3615 117 3674 ret,
136 3615 167 3660 et
183 3612 275 3662 neniis
293 3613 352 3662 suis
371 3614 478 3677 aliquot
497 3613 624 3663 aniculas
643 3617 672 3663 in
690 3613 828 3679 singultus
847 3613 996 3674 excitaret,
1021 3612 1114 3677 palam
1133 3611 1288 3662 vociferare
1307 3627 1354 3662 aa·

58 3709 105 3744 sus
124 3700 181 3746 est:
200 3696 390 3762 Imperatoriae
408 3699 572 3756 maiestatis,
592 3700 711 3748 omnium
729 3698 888 3748 Electornm
907 3699 1060 3763 principum
1079 3698 1218 3759 mandato,
1238 3697 1355 3747 Lutheri

58 3778 187 3831 heretici
210 3781 298 3832 libros
320 3798 392 3832 nunc
417 3798 477 3833 esse
501 3784 563 3849 igni
585 3784 715 3833 traditos:
741 3798 852 3847 quorum
878 3784 943 3832 item
962 3789 1026 3833 voto
1046 3783 1072 3833 S.
1087 3783 1118 3832 P.
1133 3784 1166 3844 Q.
1180 3781 1355 3832 Coloniensis

59 3871 222 3916 constanter
245 3867 442 3917 subscriberet.
478 3867 530 3917 His
552 3869 647 3918 verbis
671 3875 699 3918 et
722 3869 807 3919 multo
825 3868 996 3933 longioribus
1016 3868 1050 3917 ad
1068 3867 1178 3932 plebem
1195 3867 1355 3918 vociferans

26 3951 216 4003 tomendaciis
233 3958 291 4001 tam
309 3952 514 4016 impudentibus
533 3969 589 4003 rem
609 3954 800 4004 commendare
819 3959 934 4003 conatus
953 3957 1006 4002 est.
1026 3952 1173 4002 Multorum
1192 3953 1264 4002 enim
1277 3952 1354 4001 Prin·

59 4036 151 4101 cipum
170 4037 332 4102 ignorantia
351 4038 461 4086 facinus
480 4042 586 4087 tantum
610 4037 756 4103 expletum.
793 4040 830 4088 Et
853 4040 877 4088 si
896 4038 1019 4103 quidam,
1046 4053 1113 4102 quoe
1132 4038 1257 4087 Christus
1275 4037 1355 4086 nobis

58 4119 105 4170 diu
123 4126 230 4182 servet,
251 4121 421 4183 adfuissent,
442 4138 458 4171 a
477 4123 613 4173 seditione
632 4125 772 4188 negotium
791 4123 844 4173 boc
863 4139 917 4173 non
936 4123 1017 4188 longa
1037 4124 1161 4172 abfuisse
1180 4123 1307 4183 videres,
1327 4128 1355 4171 et

59 4204 144 4270 digna
162 4206 272 4270 quidem
291 4206 430 4256 Aleaudro
450 4212 479 4256 et
496 4208 639 4257 monacbis
658 4224 764 4258 merces
782 4209 900 4258 reddita.
920 4208 969 4257 sod
987 4207 1106 4257 nondum
1125 4207 1253 4258 kaleudae
1272 4222 1355 4257 venc-

59 4295 129 4339 ruut.
155 4291 276 4340 Senatus
289 4292 355 4341 item
369 4308 450 4356 quam
464 4309 537 4357 segre
551 4293 647 4342 tulerit
659 4292 712 4342 hoc
732 4295 760 4342 in
778 4309 808 4343 sc
827 4292 1026 4358 proclamatum
1045 4309 1062 4341 a
1081 4292 1194 4342 diabolo
1212 4294 1266 4342 isto
1280 4307 1355 4340 men-

29 4374 178 4437 ssdscinm,
200 4382 316 4427 eventus
336 4378 395 4442 ipse
415 4377 517 4427 docuit.
544 4379 657 4428 Missum
678 4379 749 4427 enim
769 4394 785 4426 a
805 4377 930 4443 patribus
948 4378 977 4426 in
996 4380 1117 4442 ipsorum
1135 4378 1269 4427 cecobum
1288 4376 1356 4439 (eue-

59 4459 171 4509 nobium
190 4460 327 4523 volebam,
348 4462 443 4527 lapsus
462 4462 532 4524 sum)
552 4462 616 4526 quid
635 4461 704 4511 talia
724 4464 752 4510 in
771 4463 797 4511 S
812 4463 843 4511 Ρ.
858 4464 891 4523 Q.
905 4461 1098 4512 Colonieneem
1118 4462 1246 4512 ementiri
1264 4461 1355 4525 palam

124 4630 135 4661 ⁵
156 4632 267 4681 erubuit
286 4636 308 4681 1.
325 4638 352 4681 G.
410 4630 432 4663 ²⁴
450 4631 539 4681 millia
559 4639 586 4682 (ι’.
639 4629 661 4662 ²⁹
680 4631 814 4682 Kalendis
833 4632 1011 4683 exsolvuntur
1028 4632 1129 4682 debitae
1148 4633 1275 4697 pecuniae
1293 4647 1356 4681 usu·

60 4731 160 4781 raeque.
571 4716 592 4747 ³⁹
611 4717 718 4783 plebem
738 4722 762 4767 2.
