3270 5354
181 356 254 429 434
277 387 449 423 BLBVTHBBH
463 387 566 423 nunniti
580 388 741 425 rnrvitrnvs
754 388 892 425 necronts
906 381 1047 425 aaronem
1061 390 1308 429 &IOA-(JAPNIOMS
1320 392 1451 430 unomen.

383 543 603 614 undenorum,
627 545 743 612 cerrito,
767 544 864 615 nesus,
889 545 969 614 iure,
993 546 1127 624 corripe,
1151 547 1271 608 morde!

331 664 369 706 suo
384 646 421 705 At
442 647 467 704 si
489 662 577 722 quern
601 648 707 724 punire
729 648 826 707 statim
849 648 896 725 piu
919 649 1041 707 numina
1062 646 1185 719 uellent,

383 747 456 807 Cum
479 746 578 808 tabula
602 750 757 826 capsisque
780 749 837 809 tuis
859 748 1020 828 pluteoque
1042 748 1186 830 librisque

381 847 556 910 Ambustum
581 849 712 917 iacerent
734 848 864 928 collapso
887 850 1016 929 desuper
1038 852 1108 927 igni.

381 953 486 1028 Aspice
509 959 541 1011 ut
563 953 712 1031 intorquet
733 951 828 1012 vuitus
851 952 1013 1031 oculosque
1035 954 1177 1014 miuueeis

381 1052 552 1131 impr-onus,
578 1061 607 1114 et
629 1056 733 1132 quaerit
755 1053 852 1115 iuriaii
875 1054 1026 1117 offendere
1049 1055 1162 1115 circum

329 1171 368 1212 eoo
382 1154 502 1215 iutuitu.
527 1156 632 1234 qirodsi
654 1155 750 1215 seinos
771 1173 826 1216 nos
850 1175 915 1217 esse
939 1155 1086 1226 volemus,

382 1258 494 1325 Lictor,
519 1256 605 1327 ades,
630 1257 816 1336 frontemque
838 1256 912 1336 liga,
935 1275 973 1318 ne
997 1257 1120 1318 fascinet
1142 1259 1261 1319 omues!

444 1360 553 1419 Invitus
575 1358 661 1419 saltet
683 1367 858 1419 concentum
882 1359 1020 1419 Ortviuus
1043 1359 1078 1419 ad
1102 1361 1205 1420 istum:

379 1462 438 1523 Sed
460 1466 576 1540 gratum
593 1467 636 1521 est
658 1479 750 1521 tinum
767 1461 838 1531 troc,
861 1462 941 1522 socio
957 1461 1035 1539 quod
1050 1461 1207 1538 Tungerus
1223 1460 1265 1522 iiii
1354 1509 1412 1533 ,,,,,,

379 1564 503 1640 Agmine
526 1564 694 1641 contigerit,
719 1570 822 1624 corrtra
845 1562 1004 1641 Capnionis
1025 1562 1169 1623 honorem

328 1684 366 1726 eos
381 1666 493 1726 Praevia
516 1665 594 1743 quod
617 1663 725 1725 tulerat
747 1681 855 1742 magno
878 1663 982 1725 vexilla
1004 1663 1132 1725 tumultu

379 1767 416 1827 Et
438 1768 513 1828 ‹iuce
536 1767 726 1842 Hogostratto
749 1766 870 1827 saevibut
890 1768 921 1827 in
944 1765 1048 1827 ordine
1069 1768 1201 1844 primus,

379 1868 500 1929 Ortuino
523 1868 666 1947 perflante
688 1868 790 1930 turbam
813 1868 960 1948 doctoque
982 1885 1091 1928 sonoro

376 1973 452 2032 Aere
475 1972 553 2031 ciere
575 1973 653 2030 uiros
675 1978 859 2050 martemque
881 1969 1046 2032 accendere
1068 1978 1167 2032 centu.

375 2074 472 2134 Ausus
492 2072 540 2133 hie
562 2073 592 2132 in
615 2072 764 2151 Capniona
786 2073 878 2133 iihros
901 2071 1090 2133 conscribere
1113 2072 1221 2149 passim
1284 2063 1434 2153 immitti*

323 2194 362 2235 oro
377 2174 473 2235 Edidit
494 2177 523 2235 in
548 2174 669 2244 tamam,
693 2173 844 2253 retegique
867 2194 883 2235 a
906 2173 1021 2236 Caesure
1042 2175 1142 2234 iussit:

375 2276 446 2337 Ociu
469 2276 565 2337 Cesar
586 2277 691 2345 trahet,
715 2284 798 2337 vacet
819 2277 866 2336 his
888 2285 935 2347 ut,
958 2277 1072 2355 inepte,
1096 2273 1230 2336 inbellis?

375 2378 503 2440 Ulterius
524 2387 621 2440 temen
645 2380 771 2447 insanis,
792 2377 1001 2457 flammamque
1023 2378 1161 2447 mineris,

376 2480 478 2541 ‘Errat
494 2479 585 2541 enim'
603 2481 749 2542 exclames
766 2480 937 2559 ‘Cupnion',
954 2482 1123 2559 iterumque
1137 2480 1181 2540 eis
1195 2476 1315 2540 ‘erret':

374 2582 438 2642 lioc
460 2581 513 2642 abs
536 2589 564 2643 te
585 2584 644 2644 diei
667 2581 791 2662 capitale
815 2590 878 2653 est,
903 2583 1057 2660 Tungere,
1081 2600 1149 2642 curu
1171 2589 1200 2642 te

323 2704 361 2744 on
376 2683 450 2745 Tota
473 2702 575 2747 errare
598 2687 643 2746 vin
666 2686 765 2746 cuncti
788 2684 956 2753 videamus;
980 2682 1102 2744 utillud

373 2787 561 2865 Propositum
584 2795 643 2857 est,
667 2795 699 2847 ut
721 2787 798 2847 tamo
820 2788 919 2864 operis
942 2792 971 2846 te
993 2785 1124 2864 proteret
1146 2785 1249 2855 huius,

373 2890 468 2967 Atque
490 2890 536 2951 isti
559 2896 688 2951 certasse
711 2889 840 2959 virete,
865 2895 1014 2966 utcunque
1038 2886 1165 2956 teratur,

373 2990 533 3069 Egregium
556 2992 649 3052 (lucis.
674 2992 744 3051 tanti
768 2989 852 3060 iacis
876 2988 1027 3068 improbe,
1050 2989 1173 3058 famam,
1269 2976 1435 3069 fflffissi'*

372 3092 493 3154 Artibus
515 3100 547 3152 ut
568 3093 680 3172 pravis,
705 3091 783 3152 suedo
807 3100 838 3152 ut
859 3093 1021 3152 certamine
1043 3091 1177 3168 queres?

319 3213 358 3253 oro
372 3194 462 3254 Ferte
485 3212 589 3273 parurn
613 3195 668 3254 init
690 3194 762 3262 hoe,
786 3192 866 3272 quod
887 3193 985 3254 adhue
1008 3192 1142 3254 falsarius
1164 3191 1267 3258 audet.

372 3296 538 3376 Depravare
560 3294 653 3357 libros
674 3301 851 3374 sanctosque
874 3297 1020 3356 invertere
1042 3312 1162 3364 sensus,

370 3398 454 3460 Unde
477 3397 563 3458 alicui
585 3399 678 3477 possit
700 3398 831 3476 napnion
854 3415 971 3459 errasse
992 3396 1100 3457 videri:

371 3499 486 3560 Mallem
510 3516 565 3577 ego
588 3504 755 3577 perpetum,
779 3500 872 3568 ciues,
896 3497 1000 3559 oblivia
1023 3498 1123 3566 ieme,

370 3601 465 3673 Quam
488 3602 530 3662 sic
552 3619 617 3662 esse
633 3619 738 3680 super,
762 3618 851 3679 quum
872 3602 915 3660 sic
937 3600 1008 3662 mini
1031 3617 1167 3679 quaerere
1189 3616 1308 3660 nomen.

317 3722 356 3764 ees
371 3703 406 3762 iit
428 3705 495 3782 quia
519 3704 601 3780 signu
624 3701 706 3772 tulit,
730 3703 798 3781 quie
821 3704 935 3780 primus
957 3703 1067 3762 atrocia
1090 3701 1217 3779 sumpsit

370 3805 473 3873 firmo,
497 3803 561 3864 tulit
582 3805 715 3883 precium
738 3805 795 3864 ium
818 3822 898 3864 nune
920 3804 1088 3864 certaminis
1110 3804 1217 3879 ingens

369 3906 541 3983 'iungemus
566 3913 595 3967 et
617 3907 725 3985 gaudet
746 3904 850 3966 saltem
872 3923 889 3966 a
911 3905 1062 3984 Capnione
1083 3906 1192 3973 notari,

166 4060 176 4066 -
183 4058 368 4068 —-=——·--—

232 4143 265 4176 ⁸⁹⁴
284 4145 369 4195 cerite
389 4144 469 4194 nefas
483 4147 506 4194 1.
519 4151 544 4194 et
556 4161 578 4195 c.
599 4144 705 4193 cernito
718 4147 775 4193 Μ.
795 4141 966 4194 cerritus:
978 4142 1104 4193 furiosus
1125 4143 1209 4193 Ptaut.
1224 4141 1321 4206 Amph.
1334 4141 1369 4190 11.
1380 4142 1444 4198 inti.

167 4231 232 4280 Hor.
246 4237 299 4279 snt.
313 4231 349 4280 li.
363 4229 442 4293 3,ttt.
457 4231 562 4291 Nonius,
582 4231 655 4279 I'uui.
669 4230 744 4278 Diae.
757 4234 784 4278 et
799 4231 924 4293 ptossopr.
971 4227 1006 4260 ⁵⁸⁸
1023 4226 1127 4277 uultum
1146 4227 1206 4278 edd.
1218 4228 1268 4277 sed
1283 4242 1352 4277 corr.
1366 4226 1443 4275 cnm

165 4315 268 4375 „aliter
286 4317 392 4365 numeri
410 4332 463 4367 non
486 4315 642 4366 constent''.
712 4313 837 4364 minaces
857 4315 915 4364 Μ.
985 4310 1017 4345 ⁰⁰¹
1043 4311 1188 4375 ⁴1,lict0r‚
1214 4311 1327 4376 conliga
1344 4309 1442 4360 menus'.

164 4401 219 4450 Lio.
233 4400 255 4450 Ι.
269 4399 309 4449 26.
324 4407 371 4451 ete.
442 4400 475 4433 ⁸⁰⁸
493 4402 623 4465 socioque
647 4399 763 4463 (socioqj
779 4415 829 4463 pro
847 4399 922 4450 socio
942 4395 976 4463 Q)
995 4398 1054 4447 ectri.
1072 4398 1122 4446 red
1137 4398 1187 4445 iarn
1207 4397 1299 4447 Citriet.
1312 4403 1401 4446 recten
1415 4392 1441 4439 οἱ·

163 4485 247 4536 derat.
311 4482 364 4548 itti]
384 4484 431 4535 ille
452 4490 476 4538 7.
540 4483 574 4517 ⁶⁰⁵
593 4482 674 4549 quod]
693 4499 713 4553 q
732 4488 788 4534 Η.
818 4480 1227 4549 q110d,pm·ueratqueo.ttttt.
1292 4480 1326 4514 ⁸⁰⁰
1343 4482 1406 4529 Aere
1421 4479 1440 4524 ⁵·

162 4567 196 4600 ⁸¹⁰
213 4569 325 4619 Aedidit
344 4573 370 4620 3.
440 4571 468 4618 iu
487 4567 563 4634 inm.)
589 4573 685 4619 eontra
704 4569 874 4634 Cepnionenr
897 4568 1090 4618 calumniosos.
1160 4565 1192 4599 ⁰¹¹
1213 4563 1335 4630 sabellio]
1353 4560 1440 4614 libeliis

164 4655 253 4704 3.4.7.
305 4653 339 4686 ‘¹³
358 4653 517 4704 exclamans
536 4658 559 4703 7.
613 4653 646 4686 ⁸¹⁷
665 4659 774 4704 certare
794 4656 882 4704 3.4.7.
936 4652 969 4685 ⁸¹⁸
988 4652 1149 4718 improboi.
1202 4649 1236 4684 ⁶²⁸
1255 4646 1437 4716 praecinunt-5·

163 4737 278 4799 pretium
297 4742 384 4790 eet.
