3270 5354
268 383 447 435 ADDENDA
460 383 509 434 AD
522 382 605 433 VOL.
620 383 656 434 11.
676 379 856 433 ccoxxxxn*.
870 396 1002 432 ascntru
1015 393 1138 433 sonum
1150 395 1355 434 connumera.
1386 368 1459 439 557

766 549 857 602 CLIO.

371 640 469 696 Nullus
490 638 577 694 bonos
592 639 672 710 fidei,
694 653 746 693 nec
769 644 833 694 erat
855 640 1012 694 reuerentia
1034 639 1138 711 lequm‚

320 741 358 782 us
374 724 482 796 Absque
499 724 556 795 tide
577 729 605 778 et
624 725 683 779 sota
700 726 814 795 periere
834 723 943 778 libidine
963 725 1048 780 ciues:

371 808 522 875 Restituis‚
545 808 712 875 Francisce,
735 809 837 863 docens
856 823 911 863 non
932 822 1020 879 usque
1041 810 1125 864 licere

370 891 451 961 Quod
470 892 548 958 libet,
567 893 700 949 utendum
721 893 813 965 diqitrs
834 897 863 948 et
882 892 986 964 leqibus
1005 908 1073 950 esse.

714 988 907 1039 CALLIOPE.

369 1077 450 1150 beqis
466 1078 568 1133 abusus
588 1084 651 1132 erat
670 1092 717 1132 res
734 1079 921 1145 emendanda,
941 1079 991 1133 sed
1010 1081 1065 1150 ipsi

368 1161 532 1234 Pontiqicum
555 1177 674 1218 canones
691 1163 731 1216 nil
749 1164 886 1234 reliqionis
907 1163 1060 1230 babebant,

316 1263 356 1304 nso
371 1248 409 1302 El
430 1248 521 1303 malus
541 1262 609 1302 usus
629 1252 707 1313 erat,
728 1261 763 1301 ne
783 1264 839 1303 non
860 1247 947 1302 bonus
968 1252 1040 1303 esset
1059 1248 1180 1305 abusus:

366 1331 422 1388 Hic
443 1331 522 1387 labor
543 1331 683 1397 Hulteno‚
709 1347 829 1387 canones
846 1347 947 1387 arcere
964 1332 1110 1405 nefandos.
1197 1390 1203 1402 ,

770 1427 861 1478 CLIO.

367 1520 455 1573 Arma
475 1530 553 1571 meus
573 1517 640 1571 colit
659 1515 719 1577 bic.
742 1516 856 1571 dicendo
873 1518 957 1572 vincit
976 1517 1128 1589 Erasmus,

372 1603 525 1674 Utramque
545 1602 659 1673 insiqnis
679 1601 823 1656 Iluttenus
841 1603 1024 1673 consequitur
1044 1617 1121 1664 rem;

368 1687 435 1759 Ipsa
456 1689 547 1742 ruinas
570 1701 707 1740 canonum
724 1687 831 1756 pietas,
853 1703 908 1742 non
930 1703 1011 1741 arma
1032 1687 1151 1744 Lutbcri

317 1787 355 1828 css
371 1771 492 1844 lnfreqit
513 1771 630 1844 talisque
647 1772 755 1826 animus
775 1771 925 1828 studiosior
945 1786 1041 1829 ausus.

712 1867 906 1919 CALLIOPE.

368 1957 416 2012 llil
435 1957 521 2012 obluit
538 1957 647 2029 pietas,
668 1956 783 2011 cedebat
804 1957 906 2012 uiribus
922 1957 968 2011 illu

369 2041 407 2095 Et
426 2041 520 2096 decuit
541 2043 614 2096 oires
634 2041 780 2096 aduersum
803 2042 906 2096 uiribus
921 2043 977 2097 uti:

352 2125 423 2181 'Hic
444 2128 554 2198 linqua,
577 2124 622 2180 bic
643 2124 821 2198 manibusque
841 2127 972 2182 bonorum
993 2126 1103 2199 [cedere
1119 2130 1214 2185 iuncto

368 2210 406 2265 Et
428 2211 554 2266 libertati
565 2211 702 2283 pietatem
724 2211 855 2266 adiunxit
874 2216 902 2266 et
919 2228 1010 2266 arma.

764 2306 855 2358 CLIO.

317 2412 356 2453 roo
372 2398 491 2453 Foedera
513 2402 676 2467 cessarant,
697 2398 829 2452 immersit
846 2400 961 2469 sponqia
986 2400 1069 2467 notis,

367 2481 583 2554 Muneribusque
604 2484 692 2554 maqr's
714 2482 797 2538 oculuit
820 2484 868 2554 qui
887 2497 995 2538 summu
1017 2489 1044 2539 et
1065 2501 1148 2556 opum
1168 2486 1196 2540 oi

368 2568 455 2624 Cerea
474 2573 609 2640 corrupto
628 2584 684 2640 pro
705 2572 767 2624 uolo
788 2569 853 2622 iura
875 2569 1008 2623 redemit:

368 2653 516 2708 Promissis
534 2653 627 2708 domuit
650 2653 821 2707 Franciscus
842 2656 922 2707 stare
942 2652 1078 2726 superbis.

713 2764 906 2817 CALLIOPE.

370 2853 517 2911 Errabant
537 2856 606 2925 licta
628 2855 737 2926 decepti
757 2854 903 2926 reliqione,

318 2955 356 2995 tuo
374 2939 431 2994 Nec
451 2940 566 3012 quibant
587 2942 685 2995 moniti
704 2938 794 2996 verbis
814 2941 980 3010 resipiscere
1004 2942 1090 3001 ciues·

370 3023 428 3080 Sed
440 3031 589 3098 postquam
608 3024 728 3080 Huttcni
748 3025 855 3079 calamo
875 3025 1020 3096 qladrbque
1036 3024 1171 3097 peribant

369 3109 537 3180 Pontificum
559 3127 653 3183 nuqce‚
674 3111 722 3182 qui
741 3111 796 3164 iam
813 3111 927 3181 periere
946 3111 1062 3181 reperti.

765 3221 857 3273 CLIO.

370 3309 540 3367 Plectuntur
560 3313 667 3380 miseri,
687 3313 831 3383 pelluntur
850 3312 951 3384 finibus
972 3316 1055 3387 ecqri,

371 3395 464 3451 Exitio
485 3399 594 3464 tristes,
618 3398 700 3453 rebus
719 3398 874 3452 multantur
893 3401 985 3471 eqeni:

318 3498 357 3538 :too
371 3481 538 3537 Flectuntur
559 3488 653 3539 sontes
670 3482 823 3537 b'ranct'sco
846 3487 946 3539 autore
966 3484 1093 3557 reditque

371 3566 494 3622 Excitet
511 3569 619 3623 amissis
636 3566 750 3639 fruitur
772 3568 927 3624 melioribus
946 3569 1054 3643 hospes.

715 3681 908 3734 CALLIOPE.

371 3766 452 3825 Sccoa
473 3773 653 3841 papularum
673 3772 774 3827 oindecc
796 3777 935 3828 tormenta
954 3770 1084 3828 coherces

371 3855 540 3925 Carnificum
562 3861 589 3911 et
606 3854 745 3930 prosuqos
767 3872 879 3924 seruus,
905 3856 1045 3925 Hultene‚
1062 3857 1173 3931 fideles,

371 3938 498 4011 litemque
520 3942 589 3996 alios
611 3945 672 3997 tuto
692 3943 804 3997 conaris
824 3944 924 3998 sistere
942 3949 1045 4014 portu,

320 4039 359 4081 suo
377 4024 448 4079 Tute
467 4026 555 4096 ipsum
580 4023 673 4098 Scylla
695 4029 795 4098 merqis
815 4028 958 4100 mediaque
981 4026 1129 4101 Charybdi.

766 4139 858 4192 celo,

371 4225 456 4284 Hunc
477 4229 599 4304 aliosque
620 4229 701 4285 simul
721 4246 793 4287 sceva
815 4230 986 4286 Francr'scns
1006 4230 1042 4285 ab
1059 4235 1131 4287 cestu

372 4317 474 4369 Aoeacit
495 4315 653 4387 mediusque
675 4317 745 4370 mam
768 4321 809 4370 est
830 4316 941 4371 molitus
959 4316 989 4370 in
1006 4314 1127 4373 bostem:

375 4398 485 4455 Tantus
507 4418 586 4456 amor
603 4402 674 4467 ueri,
699 4404 780 4456 tantu
801 4404 842 4455 esl
863 4403 1020 4456 reuerentia
1042 4400 1160 4469 curisti,

371 4483 430 4541 Pro
452 4487 530 4541 cuius
551 4488 632 4541 toties
653 4488 706 4540 iarn
726 4486 856 4542 libertate
876 4485 1000 4542 rebellat.

235 4647 270 4681 ²²²
287 4650 377 4715 ligitis
395 4656 426 4702 n.
488 4648 522 4682 ²⁸⁴
541 4650 668 4701 caedebut
685 4655 719 4699 ll.
782 4648 813 4682 ²⁹¹
832 4651 921 4707 voluit
938 4658 972 4708 u,
1035 4653 1068 4687 ¹⁹¹
1086 4654 1184 4707 Caereu
1201 4660 1235 4710 Ι.
1297 4654 1332 4690 ”¹
1349 4655 1463 4724 reperti]

167 4736 186 4784 l.
199 4750 221 4784 e.
236 4736 336 4785 salvati.
388 4733 422 4768 ³⁰⁰
440 4735 530 4785 sontes
548 4739 582 4786 Μ.
634 4733 668 4767 ⁸⁰⁵
686 4734 828 4787 charibdi.
842 4741 875 4788 ll.
