3270 5354
162 356 234 429 332
402 386 524 422 uvrrtttl
538 385 705 421 Gnatam!
720 385 834 420 nonnvrt
847 384 1047 420 DEGENEBASSB
1061 385 1216 421 118301ῦῖ1.

363 545 527 604 Germanus
549 540 688 620 orbisque
712 548 800 618 capm
822 539 988 618 molemque
1010 547 1122 602 tenere.

362 644 448 704 Tunc
464 662 530 704 cum
546 651 663 720 ternpus
678 650 742 703 erat
757 661 861 721 gerere
878 661 958 703 arma
975 650 1004 702 et
1019 661 1126 720 cogere
1142 651 1259 722 gentes,

363 747 541 825 Expugnare
564 744 654 806 urbes
676 762 840 823 regumque
862 745 1024 822 intringere
1048 744 1154 814 lastns,

364 849 501 909 Fecimus
523 848 642 924 egregie
664 848 810 925 motisque
832 845 1006 906 indulsimus
1027 848 1133 906 armis:

327 970 350 1010 n
365 949 450 1010 Nunc
472 948 603 1028 placidas
625 956 703 1009 artes
725 967 888 1027 pacemque
911 949 1064 1010 admittere
1087 950 1167 1011 curis

365 1051 416 1113 Est
431 1068 506 1130 opus
521 1058 610 1128 atqne
625 1052 740 1111 animos
754 1050 945 1128 tranquillum
962 1051 1116 1112 advertere
1132 1052 1161 1111 in
1178 1071 1279 1120 usum,

366 1154 439 1214 uum
463 1152 580 1231 Sophiae
602 1153 704 1231 lruges
727 1153 897 1231 cultumque
920 1160 949 1212 ot
971 1151 1116 1230 quaslibet
1138 1161 1218 1214 artes

365 1258 435 1318 Post
456 1263 500 1317 tot
521 1261 601 1334 gesta
625 1257 719 1315 uirum
742 1262 843 1315 noster
866 1274 984 1334 quoque
1006 1252 1111 1316 calleat
1133 1256 1231 1325 orbim

365 1358 444 1437 Ergo
466 1357 527 1417 adit
549 1355 636 1417 ltaliae
658 1358 811 1435 quisquam
834 1356 912 1426 loca,
937 1364 970 1416 ut
991 1356 1105 1418 adierat
1126 1357 1197 1418 inde

327 1481 352 1521 ao
367 1460 480 1539 lngenii
503 1457 614 1519 cultum
638 1466 667 1520 et
688 1459 776 1519 latiae
798 1460 971 1519 commertia
993 1457 1100 1538 linguae

365 1563 597 1640 Graecorumque
620 1569 713 1632 artes,
737 1563 877 1621 nimirum
900 1561 946 1621 illa
970 1560 1065 1638 ampla
1088 1568 1246 1639 parentum

364 1665 437 1725 Cum
460 1665 529 1724 satis
551 1664 659 1724 eniteat
680 1671 828 1741 gestarum
851 1663 944 1740 gloria
966 1680 1077 1723 rerum.

364 1766 425 1827 Nec
440 1767 537 1826 minus
553 1765 610 1825 hoc
625 1764 752 1826 ducibus
767 1784 847 1826 curae
863 1772 920 1826 est:
937 1765 1007 1824 dant
1021 1766 1140 1844 praemia
1158 1766 1254 1828 doctis

363 1867 491 1936 Passim,
516 1867 680 1928 academias
702 1873 849 1937 statuunt,
873 1874 902 1928 et
924 1866 1087 1928 honoribus
1109 1877 1219 1948 augent

324 1990 350 2030 as
365 1969 526 2048 Altiloquos
549 1976 629 2030 vates
651 1988 686 2030 ac
708 1971 818 2030 musica
842 1988 925 2030 sacra
947 1970 1113 2048 protessus,

364 2072 553 2151 ingeniisque
577 2071 673 2132 lavent
695 2081 846 2134 mansueta
869 2072 955 2148 lrugc
978 2070 1118 2133 colendis.

365 2177 441 2236 Sunt
462 2183 560 2235 tannen
583 2175 709 2242 interea,
734 2176 817 2253 siqua
840 2175 1040 2234 intercesserit
1061 2173 1118 2235 illis

365 2278 456 2338 Causa
480 2293 585 2337 recens
607 2276 723 2346 studiis,
749 2277 799 2354 qui
821 2278 917 2356 prisca
941 2277 1062 2355 negocia
1086 2283 1221 2339 tractent.

365 2379 485 2458 lamque
507 2379 613 2439 iterum
637 2379 710 2440 lines
732 2377 872 2439 italorum
896 2386 925 2440 et
946 2379 1048 2440 Martia
1072 2397 1163 2458 regna

326 2500 351 2542 ao
367 2482 463 2542 Caesar
485 2480 545 2541 adit
567 2488 705 2559 motoque
728 2481 825 2541 auimo
848 2499 912 2542 sese
935 2480 1040 2542 obtulit
1061 2483 1167 2552 armis,

365 2582 418 2652 Ut,
441 2583 584 2644 Venetam
606 2583 693 2644 luxus
716 2602 878 2663 vanamque
901 2582 952 2643 nbi
974 2584 1118 2661 presserit
1139 2585 1230 2655 iram,

365 2809 513 2865 Germanos
536 2807 667 2882 orbisque
688 2816 770 2883 caput
792 2808 945 2882 molemque
968 2816 1069 2864 tenere.

365 2894 440 2950 Tunc
462 2911 523 2950 cum
547 2901 654 2967 tempus
676 2901 735 2950 erat
756 2911 852 2967 gerere
875 2911 947 2950 arrrna
970 2901 998 2948 et
1019 2911 1118 2967 cogere
1141 2903 1254 2970 gentes,

366 2976 526 3053 Expugnare
550 2978 631 3035 urbes
654 2978 813 3053 llegnmque
837 2977 986 3051 iufringere
1010 2979 1110 3041 fastus,

367 3062 435 3119 Tum
454 3066 526 3136 fines
543 3065 677 3135 proferre
698 3080 763 3120 suos
784 3071 810 3119 et
832 3064 958 3119 tediosis
979 3065 1064 3131 tueri,

328 3165 350 3205 rs
366 3148 491 3204 l'ecimus
515 3151 623 3221 egregie
646 3148 814 3223 rudibusque
837 3147 999 3204 indulsimus
1021 3149 1118 3205 armis:
1141 3165 1143 3169 ’

363 3234 439 3291 llunc
461 3233 580 3308 placidas
602 3242 674 3289 artos
696 3251 844 3308 pacemque
866 3232 1008 3290 admittere
1029 3234 1104 3291 curis

365 3319 412 3374 Est
436 3337 506 3393 opus
528 3326 610 3392 atque
633 3319 737 3374 animos
760 3318 935 3393 tranquillum
958 3321 1092 3374 invertere
1114 3319 1154 3373 ud
1174 3338 1269 3383 usum,

365 3404 432 3460 llum
455 3403 564 3478 Sophiae
587 3403 681 3477 fruges
703 3405 862 3478 cultumque
884 3411 911 3458 et
934 3402 1069 3477 quaslibet
1092 3412 1165 3461 artes

364 3489 506 3562 Docluque
529 3488 671 3544 Romuleae
691 3494 717 3543 et
738 3489 845 3545 Groecae
866 3491 1024 3547 commertia
1048 3488 1149 3562 tingue

327 3574 433 3631 aoPost
457 3582 497 3630 tot
519 3582 596 3647 gesta
619 3574 705 3629 virum
727 3584 824 3631 noster
846 3593 956 3649 quoque
978 3573 1073 3631 calleat
1096 3573 1188 3640 orbim

365 3659 437 3732 llrgo
460 3659 515 3714 adit
537 3657 620 3716 ltaliae
642 3659 786 3735 quisquam
809 3659 881 3721 loca.
905 3669 936 3715 nt
958 3658 1058 3732 afferat
1080 3659 1142 3717 inde

366 3743 470 3818 ingenii
491 3742 610 3805 cultum.
633 3751 765 3817 tanquam
786 3748 855 3801 satis
876 3743 965 3819 ampla
988 3752 1132 3818 parentum

367 3830 462 3885 Gloria
484 3831 605 3884 lucescat
624 3829 706 3884 rubus
719 3848 776 3903 pro
799 3831 880 3886 laude
902 3830 1040 3903 gerendis.

365 3914 419 3971 llec
442 3913 531 3970 minus
553 3915 604 3968 isla
626 3914 728 3971 lineum
747 3932 817 3973 curu
840 3924 896 3971 est:
919 3915 970 3970 sibi
988 3914 1097 3987 quilibet
1118 3917 1192 3971 intro

328 4015 353 4055 as
370 4000 479 4073 Oppido
500 4001 674 4072 gymnasium
696 4004 791 4057 statuit
811 4018 864 4056 suo
886 4000 1045 4072 delitiosque

367 4087 448 4142 Ponit
466 4087 494 4140 iu
511 4087 625 4157 ingeniis
645 4101 699 4157 per
720 4101 803 4159 seque
824 4101 942 4159 suosque
962 4085 1090 4140 colendis.

365 4173 434 4229 Sunt
457 4180 545 4228 tamen
568 4170 685 4235 interea,
708 4172 731 4228 si
755 4191 808 4246 qna
831 4170 1018 4228 intercesserit
1040 4167 1095 4225 illis

365 4257 449 4314 Causa
473 4273 568 4312 recens
591 4256 703 4320 studiis.
728 4258 773 4332 qui
797 4256 886 4331 prisca
908 4255 1015 4330 negotia
1039 4263 1164 4311 tractent.

365 4343 473 4416 lamque
496 4342 594 4396 iterum
617 4340 684 4398 fines
705 4341 836 4399 italorum
859 4351 886 4398 et
908 4340 1001 4397 llartia
1024 4356 1107 4413 regua

326 4442 351 4482 so
365 4428 456 4484 Cesar
478 4425 533 4482 adit
555 4432 678 4502 arctoque
700 4430 789 4483 aninlo
813 4444 872 4483 sese
896 4422 995 4483 obtulit
1017 4426 1103 4487 ultro,

365 4512 413 4575 Ut,
436 4512 568 4567 Venelum
592 4509 672 4568 lusus
695 4529 843 4586 vanamque
866 4511 911 4567 ubi
934 4510 1067 4586 presserit
1090 4511 1170 4574 iram,

162 4643 365 4655 ———

232 4725 253 4759 ¹⁷
271 4728 368 4791 Asson.
382 4745 426 4794 ap.
442 4728 504 4779 Geli.
523 4728 601 4782 XIII.
611 4727 637 4780 8.
656 4766 673 4793 ‚,
682 4730 812 4798 Sophiam
825 4734 929 4782 vocant
941 4746 984 4781 mo
998 4729 1080 4793 Grai,
1092 4743 1142 4780 vos
1155 4727 1360 4796 Sapientiam&
