3270 5354
168 366 242 438 418
261 395 435 432 suvrana
448 393 553 431 sunm
566 393 727 430 rnlvurnvs
739 391 878 429 nocuoms
891 389 1033 430 alveum
1047 391 1134 428 mon.
1142 391 1295 429 dulnosus
1305 392 1439 430 lucullos.

333 572 357 610 u
372 551 448 611 [lent
469 550 605 610 manibus
627 555 745 609 teneros
767 549 914 609 frondenti
937 566 976 610 ex.
995 546 1104 609 arbore
1127 565 1244 615 ramos:

349 726 352 733 ν
370 652 413 712 Sit
434 652 560 713 demissa
582 652 651 711 viris
675 657 741 728 toga
764 651 865 719 vestis,
889 651 926 709 sit
948 667 1019 727 uaga
1042 649 1131 711 castis

369 753 467 814 lnslita
491 754 634 814 matronis
655 752 809 830 longaeque
832 750 979 813 volumina
1003 750 1103 830 palles,

370 856 515 916 Praeterea
538 855 621 917 loctae
642 855 800 933 peregrino
824 873 857 914 er
881 871 1000 932 aequore
1023 852 1121 914 baccae

370 954 551 1036 lnclusaequc
574 975 647 1017 auro
671 973 797 1034 gemmas
819 975 886 1016 cum
910 955 1067 1034 torquibus
1089 957 1204 1021 aureis.

334 1078 359 1118 so
374 1058 418 1118 Sit
439 1058 530 1127 stola,
554 1060 613 1120 siut
635 1058 717 1119 limbi
741 1060 897 1136 vinctoque
920 1057 1039 1118 monilia
1063 1055 1157 1126 collo,

370 1161 529 1238 Soricaque
552 1167 581 1221 et
601 1178 677 1221 rarae
699 1168 794 1221 restes
816 1161 977 1240 precisque
999 1158 1159 1238 coloreque

369 1263 407 1323 Et
428 1262 592 1340 strophium
615 1269 644 1323 et
667 1263 770 1340 capitis
791 1261 904 1331 velum,
928 1262 1005 1341 quod
1028 1280 1096 1323 rum
1118 1262 1186 1321 nire
1208 1267 1315 1328 certet,

370 1363 513 1443 Quicquid
538 1371 567 1425 et
588 1370 723 1434 ornatus,
747 1364 885 1443 quicquid
910 1363 1064 1443 cultusque
1087 1364 1252 1442 nitarisque

370 1467 407 1527 Et
429 1465 508 1546 quod
531 1484 655 1545 quaque
679 1472 776 1546 potest
798 1473 828 1528 et
849 1465 928 1545 qrrod
950 1483 1003 1526 sua
1027 1484 1174 1545 quamque
1197 1462 1318 1524 lacultas

334 1592 359 1631 ss
374 1569 466 1630 Ferre
488 1570 572 1638 sinit,
596 1586 662 1646 quae
684 1570 789 1648 cuique
811 1567 891 1628 domi
913 1574 970 1629 stat
991 1568 1075 1646 copis
1097 1584 1214 1628 rerum:

369 1670 497 1730 Candida
520 1671 684 1730 succinctas
706 1670 915 1730 commendent
937 1668 1061 1746 galbana
1083 1667 1229 1748 nymphas

370 1772 403 1833 Et
427 1790 502 1832 zona
524 1773 747 1851 virgineumque
769 1773 935 1850 astringens
957 1771 1045 1833 lascia
1068 1778 1173 1849 pectus

369 1872 577 1953 Coraliumque
600 1881 695 1943 teres,
719 1872 877 1935 rubicundi
899 1874 1012 1952 insigne
1035 1873 1172 1953 pudoris,

369 1976 501 2055 Quaeque
524 1974 592 2037 alibi
614 1975 719 2037 molles
741 1977 858 2054 signant
879 1977 1041 2052 gestamina
1063 1991 1178 2041 mores,

330 2099 355 2139 ro
370 2077 424 2138 llic
446 2078 532 2138 etiam
557 2085 652 2139 castas
674 2078 811 2139 deceant:
835 2078 892 2139 sint
914 2078 1021 2139 vertice
1044 2075 1124 2138 nudo

368 2179 400 2239 ln
425 2187 507 2258 terga
529 2180 643 2251 ellusis,
667 2199 741 2260 quos
764 2179 901 2241 verberet
922 2197 1010 2248 aura,
1034 2177 1159 2259 capillis.

369 2282 505 2362 l’oxaque
528 2284 670 2344 contortis
692 2283 866 2344 circumdent
887 2289 1020 2359 tempora
1043 2282 1139 2343 seriis.

368 2385 432 2445 Una
455 2403 558 2446 omnes
580 2385 610 2445 bi
632 2404 704 2446 voce
727 2391 847 2455 canant,
869 2402 930 2445 uuo
953 2401 1005 2444 oro
1028 2384 1187 2463 loquantur

368 2484 462 2555 Quam
484 2487 541 2548 sibi
564 2494 721 2549 servarunt
743 2487 894 2566 Capnione
916 2486 1075 2566 superstite
1097 2484 1225 2546 laudem.

330 2594 359 2650 eu‘
413 2587 495 2649 [licat
516 2589 564 2657 lo,
588 2591 612 2651 si
634 2608 667 2651 sa
689 2589 768 2648 norit
789 2590 964 2659 Germania,
988 2589 1079 2650 dicat:

370 2690 423 2750 Vix
446 2689 566 2762 melior,
589 2709 643 2752 cur
665 2691 743 2752 dicat
764 2690 812 2762 lo,
836 2707 869 2751 se
892 2708 978 2752 causa
1002 2690 1131 2752 dedisset

368 2792 482 2855 Caesare
505 2792 541 2854 ab
564 2793 710 2873 Euganeis
732 2799 820 2854 nacto
841 2791 936 2872 spolia
958 2791 1054 2872 ampla
1077 2792 1225 2871 tyrannis:
1256 2783 1436 2890 lffflgffif·

369 2894 457 2955 Forte
480 2901 577 2957 tamen
599 2895 717 2964 melior,
741 2896 876 2957 sednon
898 2895 1037 2974 pugnauit
1057 2895 1088 2954 in
1109 2895 1200 2953 armis
1275 2873 1350 2908 '‘⁸¹⁰''

368 2995 476 3058 Noster
498 2997 562 3068 hie,
586 2997 664 3058 baud
686 2996 800 3074 gladius
823 2997 1002 3076 praefixaque
1024 2995 1133 3057 robora
1157 2996 1239 3056 lerro

334 3120 359 3160 ro
374 3099 535 3176 Pugnantis
556 3106 708 3176 gestamen
730 3106 808 3168 erat,
833 3116 928 3178 neque
952 3098 1065 3160 casside
1087 3103 1187 3158 vertex

369 3200 521 3279 Spleuduit
543 3207 573 3262 et
594 3199 692 3262 nullus
713 3201 837 3263 munivit
857 3208 977 3280 pectora
1001 3200 1121 3269 thorax:

370 3301 518 3363 Certatum
542 3303 661 3382 ingenio
683 3309 741 3373 est,
765 3305 834 3365 vicit
855 3309 899 3363 tot
920 3302 1009 3363 millia
1030 3302 1121 3364 solus.

369 3402 467 3464 Victor
489 3403 526 3464 ab
549 3405 701 3484 oppressis
723 3404 841 3466 Venetis
863 3404 1006 3483 Galloque
1028 3403 1151 3465 subacto

368 3505 445 3566 Citra
468 3506 583 3567 Athesis
606 3506 735 3567 tumulos
757 3515 786 3567 ct
808 3513 928 3568 onustas
950 3504 1078 3567 nubibus
1100 3504 1201 3585 Alpeis

325 3627 350 3667 ra
365 3606 527 3668 Terrarum
549 3608 686 3670 dominus
708 3608 853 3688 siquando
876 3609 912 3670 ad
935 3615 1000 3668 vota
1022 3607 1149 3676 redibit,

367 3708 438 3779 Quas
459 3708 514 3769 diis
536 3707 683 3788 persoluat
705 3711 822 3790 patriis,
846 3711 998 3788 augustior
1019 3708 1069 3771 illo

369 3810 493 3872 Plausus
515 3812 572 3872 erit
592 3811 693 3891 populi
716 3820 744 3874 et
767 3830 823 3892 pro
845 3813 1013 3873 conditione
1036 3811 1221 3892 triumphum

164 3963 366 3973 ...ῃ-

231 4063 253 4096 ⁴⁵
271 4069 381 4132 teneros
400 4068 424 4119 1.
494 4063 516 4098 ⁴⁶
535 4064 657 4132 domim]
671 4067 689 4117 i.
705 4084 728 4118 e.
742 4084 797 4119 non
816 4066 980 4119 adlabores
1004 4067 1168 4134 praecincta.
1193 4066 1283 4117 festus
1307 4066 1366 4117 dies
1388 4069 1445 4115 esto.

164 4148 186 4181 ⁴⁷
210 4150 301 4217 longus
325 4149 465 4201 velamina
488 4151 694 4213 antichristum,
714 4154 730 4202 i.
744 4167 767 4201 e.
787 4168 840 4203 eum
863 4151 1018 4214 velamina,
1044 4158 1070 4200 ut
1089 4155 1114 4201 3.
1123 4154 1147 4201 d.
1157 4155 1179 4202 7.
1193 4151 1300 4213 ludent,
1325 4152 1447 4215 scripsisse

165 4235 303 4284 liuttenuns
323 4241 456 4299 putasset,
480 4235 601 4299 updudaru
620 4252 671 4301 que
695 4236 863 4288 abundantem
881 4240 985 4289 notovit.
1040 4235 1177 4286 Christius
1197 4236 1270 4286 anim
1289 4236 1343 4298 (De
1362 4235 1447 4285 morib.

164 4319 276 4383 scriptis
288 4324 317 4368 et
329 4319 497 4385 imaginibus
509 4320 567 4370 Ulr.
581 4321 616 4371 ab
629 4321 744 4371 Hellen.
757 4321 821 4371 Hal.
831 4321 903 4371 1727.
911 4320 959 4384 40.)
973 4321 1097 4387 exemplo
1112 4324 1137 4371 3.
1155 4320 1237 4371 huius
1251 4321 1382 4371 carminis
1394 4330 1448 4369 usus

165 4408 216 4453 est.
258 4403 339 4454 Pollu
357 4405 444 4475 vestis
462 4410 505 4455 est
523 4407 644 4458 exterior
660 4405 772 4468 talaris,
794 4405 886 4472 ampla
899 4409 928 4456 et
940 4406 1036 4468 fluens,
1050 4407 1162 4472 propria
1174 4421 1232 4456 sec.
1245 4406 1363 4456 Nonium
1375 4405 1447 4455 hone·

164 4493 268 4538 stanam
282 4489 456 4539 seminarum.
476 4489 596 4540 bastisl.
627 4488 648 4521 Μ
662 4491 822 4555 quan31.2.
837 4493 951 4554 qur'sq33.
965 4495 1125 4555 quanqued.
1155 4488 1278 4556 “galbd
1291 4491 1447 4542 vestimenta

164 4571 307 4623 mulierum
325 4572 501 4624 delicatiora.
559 4573 581 4605 ⁵¹
599 4576 636 4624 Et
653 4572 828 4639 zonalponur
845 4575 975 4640 Zonsque
1022 4574 1140 4640 “tergo
1160 4578 1251 4627 Mt.
1303 4575 1326 4608 ἢ
1344 4577 1448 4626 circum·

165 4655 231 4706 dent
244 4661 267 4706 7.
320 4655 343 4690 ⁶⁴
360 4656 520 4724 superstite]
539 4663 658 4725 supcrd.
711 4658 734 4690 ⁰⁷
750 4661 820 4725 Eug.
833 4656 897 4724 tyn]
911 4660 1036 4712 Venetis.
1088 4659 1110 4692 θ’
1128 4660 1239 4727 gladios
1256 4661 1317 4711 edd.
1369 4657 1390 4691 ⁷²
1407 4656 1446 4708 ml·

165 4736 204 4788 liu
221 4742 247 4789 2.
300 4739 322 4772 ⁷⁴
340 4739 444 4807 Alpeis]
464 4743 500 4793 ci.
513 4742 627 4809 Deplor.
641 4745 670 4794 in
682 4744 721 4793 Io.
735 4742 814 4794 Hutc
827 4759 854 4794 v.
867 4742 909 4796 91.
