3270 5354
375 392 500 431 ΙΥἩΙΙΙ
513 392 550 428 ΑΒ
562 392 696 429 GAESAlllill
711 393 924 431 uaxtutatsttvx
936 395 1160 431 uetustumsrvtt
1173 397 1266 433 111111111-
1392 368 1466 441 215

376 545 480 609 Omnis
504 545 611 625 templa
633 545 734 617 silent,
758 546 855 608 nullus
878 550 956 609 canit
977 549 1075 610 abdita
1098 560 1194 622 vates,

349 668 363 709 s
398 674 414 695 ι
461 648 528 726 lpse
550 655 626 709 tacet
647 648 756 728 Libyco
779 651 917 728 corniger
940 650 1013 713 orbe
1036 653 1124 722 dcus;

374 749 412 811 tu
432 750 552 811 tandem
573 750 716 819 inueniat,
739 751 815 810 nriro
837 751 860 812 F
862 751 986 813 lorentia
1009 761 1090 814 motu

436 852 442 869 ’·
458 850 524 912 Visa
547 857 590 911 est
611 852 669 910 iam
693 851 773 912 claro
795 852 858 913 sole
881 853 983 914 tulisse
1006 854 1099 924 laces,

375 953 469 1032 Atque
491 952 610 1031 aliquis,
634 961 785 1030 metuens,
808 972 845 1013 nc
868 956 905 1015 sit
926 956 989 1017 sinc
1012 956 1128 1017 essars
1150 958 1292 1027 mundus,

336 1075 361 1116 re
434 1135 437 1141 Ι
459 1053 556 1132 Elegit
577 1052 693 1116 Gallum
716 1054 839 1115 Caesaris
861 1074 925 1117 csse
948 1056 1023 1117 loco.

376 1155 501 1217 llaxima
523 1173 585 1225 res,
600 1163 774 1233 nequele,
797 1156 960 1234 Pasquille,
984 1161 1107 1235 peritior
1130 1158 1218 1221 alter:
1292 1220 1299 1226 .

459 1246 510 1317 Dic
532 1257 666 1327 tandem,
684 1264 769 1334 ¹sales
791 1260 917 1337 optime,
941 1257 1037 1321 Cesar
1060 1260 1110 1322 ubi
1133 1263 1194 1322 est?

310 1440 371 1501 18⁸.
641 1486 644 1491 .
701 1442 937 1506 rasqtunnvs.

375 1561 456 1624 Pone
477 1568 605 1631 metum,
626 1562 773 1631 Romane.
796 1570 849 1626 tuo
872 1564 909 1623 de
932 1562 1061 1624 Caesare:
1086 1566 1167 1634 vivit,

459 1662 523 1727 Ulla
543 1663 619 1725 tides
640 1683 676 1726 ex
699 1683 747 1725 tue
768 1666 792 1725 si
815 1664 881 1733 tibi,
906 1666 972 1725 vivit
994 1665 1100 1727 alllruc.
1208 1696 1211 1701 ·

374 1764 423 1826 Vis
445 1761 521 1825 ultra
543 1784 666 1843 sperare
688 1764 819 1844 aliquid?
843 1769 928 1827 venit.
954 1767 1010 1827 lroc
1032 1784 1087 1844 ego
1110 1775 1204 1839 vates,

348 1889 362 1930 s
460 1867 526 1939 Quo
547 1868 641 1927 ratim
662 1865 792 1946 loquitur
816 1866 954 1946 Delphica
977 1869 1052 1928 lama
1076 1868 1163 1937 nillil:

374 1968 528 2048 Pugnaces
550 1966 683 2030 revolant
704 1968 834 2048 lquilae3
857 1970 913 2029 ridi
936 1970 998 2047 ipse
1022 1968 1166 2040 volantes,
1264 1972 1277 2002 '

457 2070 496 2133 m
516 2076 577 2132 tota
599 2068 759 2131 horribiles
780 2087 923 2149 spargere
946 2070 982 2132 ab
1006 2070 1077 2149 Alpe
1100 2073 1203 2133 minas.

373 2170 451 2243 Quid
466 2173 597 2249 gemitis,
621 2172 736 2241 Veneti,
760 2172 898 2233 tandem?
921 2173 1006 2251 quial,
1029 2173 1126 2243 Galle,
1151 2176 1312 2237 trenriscisl

457 2272 526 2335 llaec
549 2290 604 2351 ego
627 2292 687 2334 uon
709 2274 768 2335 dixi
790 2292 868 2353 saepe
891 2275 987 2335 lutura
1009 2278 1112 2353 prius?

309 2460 357 2519 19.
494 2460 544 2511 DE
564 2458 719 2523 Qvouatt
737 2458 777 2511 IN
794 2459 919 2510 ITALIA
939 2458 1143 2513 CONVENTV.

374 2578 479 2643 Omnia
501 2580 681 2649 miscentur,
704 2578 890 2640 confodimus
912 2579 1016 2663 infima·
1033 2582 1169 2651 summis,

458 2679 588 2741 Partitur
610 2681 742 2761 quisquis
765 2697 824 2739 oon
847 2698 900 2740 sua
923 2696 1015 2757 regna
1039 2688 1129 2742 tenet,

372 2781 560 2845 Abstrahitur
584 2782 696 2842 Latium
719 2781 834 2843 secluso
857 2800 872 2841 a
896 2780 1024 2853 Caesare,
1048 2782 1137 2843 dolcat

347 2907 360 2947 a
459 2881 523 2943 lloo
546 2881 651 2962 aliquis
673 2882 806 2953 Venetis,
829 2883 886 2943 hoo
908 2883 974 2953 tibi,
1000 2882 1096 2953 Galle,
1120 2883 1234 2962 aliquis.

374 2984 546 3065 Oppositam
568 2983 675 3069 molem
698 2985 878 3063 iniectaeque
901 2992 933 3045 ut
955 2992 1084 3045 transeat
1104 2984 1220 3064 Alpeis,

458 3086 518 3147 llas
539 3085 652 3164 Aquilae
674 3102 787 3164 pennas
809 3089 875 3165 quis
897 3088 967 3147 satis
989 3104 1053 3147 esse
1076 3089 1177 3166 putet?

174 3361 237 3413 ltine
254 3376 362 3427 quque
381 3357 507 3426 repulsus
525 3358 596 3409 dixit
613 3372 643 3406 ee
661 3361 727 3408 vota
746 3358 903 3422 suscepisse
922 3372 983 3422 quse
1000 3356 1061 3408 Iovi
1078 3356 1203 3407 Ammoni
1221 3355 1350 3421 solveret,
1372 3359 1467 3410 existi·

173 3460 252 3497 mm
269 3458 303 3496 se
325 3444 408 3495 Alsos
430 3442 544 3497 facilius
567 3447 743 3507 correpturos
762 3445 810 3491 ...¹¹
850 3440 892 3491 ct.
912 3442 986 3491 infra
1003 3441 1145 3507 Triumph.
1164 3442 1281 3494 Reuchl.
1293 3459 1320 3495 v.
1333 3444 1393 3494 224.
1405 3458 1465 3510 sqq.

170 3528 325 3581 ‘Mona
347 3528 377 3579 ln
399 3527 567 3593 Thesprotia
591 3541 708 3593 quercus
731 3526 809 3577 silvae
833 3526 906 3576 Iovis
929 3542 1017 3577 sacrm
1041 3542 1175 3592 responsa
1197 3526 1316 3590 dabant,
1340 3528 1465 3579 fatidicas

172 3618 261 3665 erant
281 3613 320 3665 cl.
334 3628 359 3663 e.
371 3628 412 3679 gr.
426 3612 572 3663 claudian.
585 3613 615 3662 in
632 3612 682 3662 111.
696 3627 772 3662 cons.
786 3612 889 3663 Honor.
904 3627 947 3663 vv.
964 3611 1020 3665 117.
1033 3627 1072 3676 sq.
1087 3648 1130 3673 „..
1150 3628 1296 3678 rursusque
1314 3612 1415 3664 locutae
1434 3615 1467 3663 In

169 3696 345 3751 semeonis
362 3700 507 3748 moverunt
524 3697 647 3748 carmina
665 3700 807 3761 quereus”.
860 3696 993 3761 ⁸Lybico
1005 3699 1065 3746 edd.
1085 3698 1190 3763 lupiter
1202 3698 1324 3747 Ammon.
1376 3696 1466 3748 'Hoc

169 3784 203 3835 dc
221 3782 328 3834 Leonis
343 3782 377 3833 X.
394 3780 460 3833 ncvl
480 3779 621 3846 pontilicis
639 3795 700 3831 com
719 3778 860 3831 Lndovico
878 3782 941 3831 XII.
960 3797 1014 3831 nou
1032 3781 1114 3848 louge
1133 3788 1196 3847 post
1213 3783 1343 3833 defuncto
1361 3784 1467 3848 pactio·

169 3869 251 3920 nibus
269 3868 400 3918 tractatis
418 3866 474 3916 dici
492 3865 610 3916 videtur.
642 3865 679 3915 cl,
699 3863 729 3918 lt
746 3863 932 3927 uectibus.
949 3866 1020 3917 1145.
1036 3863 1071 3919 Θ.
1088 3865 1159 3916 1016.
1175 3865 1192 3930 f.
1247 3864 1267 3898 ¹⁴
1286 3866 1401 3918 Scilicet
1421 3883 1465 3917 cx-

169 3958 254 4005 etmte
274 3967 300 4003 s.
315 3950 471 4007 istasunt
490 3951 520 4000 in
531 3949 616 4002 Italis
634 3965 682 3999 rex
696 3948 836 4000 Gallorum
855 3934 936 4016 qua'm
950 3950 1122 4001 Genuensem
1141 3951 1278 4002 laternam
1297 3951 1464 4012 obtlnucrut‚

168 4053 259 4104 neque
284 4052 310 4086 a.
326 4034 399 4086 itte
420 4034 549 4086 Italicam
572 4034 774 4100 expeditionem
797 4035 922 4100 Anglicre
949 4036 1165 4101 Hispanicaeque
1194 4035 1376 4085 difficultates
1404 4050 1466 4085 eum
1518 4038 1523 4051 “

168 4138 268 4175 curare
287 4104 426 4171 sinebant.
462 4118 594 4170 Germani
617 4124 708 4170 autem
732 4124 794 4184 post
811 4120 924 4170 Liviani
948 4121 975 4170 in
994 4121 1165 4185 provinciam
1183 4119 1401 4171 Foroiuliensem
1424 4121 1465 4168 in-

167 4207 312 4275 raptione·
330 4205 360 4255 in
376 4203 490 4255 Italiam
508 4205 613 4255 reversi
631 4210 703 4254 sunt.

239 4286 295 4341 ldl.
326 4288 356 4321 Μ
372 4288 512 4340 Vereuso.
527 4288 660 4339 attineo
678 4287 763 4339 habet
780 4293 863 4354 priano
881 4291 921 4339 ed.
980 4286 1125 4355 ⁵Aqnilae]
1145 4286 1312 4354 imperiales.
1364 4286 1466 4351 'Quid

169 4392 197 4443 g.
209 4374 333 4427 Veneti?
350 4372 424 4437 Quid
443 4374 478 4424 ad
497 4372 549 4439 hcc
566 4373 638 4424 leuis
651 4374 736 4423 Adria
753 4374 861 4440 pelles?
879 4376 919 4424 ed.
932 4376 1007 4439 prim.

238 4456 282 4511 lit.
299 4456 321 4491 '¹
340 4458 411 4511 Haec
430 4460 495 4509 item
515 4458 662 4529 referenda
679 4458 809 4509 videntur
827 4458 859 4507 sd
880 4459 959 4524 pacis
983 4455 1212 4506 intercessorem
1230 4457 1405 4522 Venetosque
1425 4473 1466 4507 ar·

168 4542 255 4597 bitrio
275 4542 383 4595 Leonis
403 4544 437 4595 X.
457 4544 654 4594 contrahendae
673 4544 856 4593 condiciones.
927 4541 938 4573 ⁸
960 4540 1067 4607 Aquila·
1091 4539 1208 4608 pennas]
1236 4541 1255 4590 i.
1269 4557 1293 4591 c.
1313 4541 1467 4607 particulas

167 4633 251 4681 merse
269 4626 380 4680 Itsllese
403 4626 510 4679 Caessri
533 4628 645 4692 debitae,
671 4644 718 4677 eas
738 4642 797 4692 quse
817 4626 947 4677 (iermani
965 4626 1139 4691 Hispanique
1163 4625 1192 4675 in
1214 4626 1352 4677 Patauino
1370 4625 1466 4677 Tarvi-

158 4708 287 4787 sineque
306 4712 382 4781 sgrls
401 4713 556 4781 cepissent,
580 4728 641 4762 cum
663 4712 730 4762 urbe
749 4712 927 4762 Cremonensi
951 4712 1076 4777 pignoris
1094 4725 1180 4762 causa
1199 4709 1305 4762 Caesari
1322 4709 1465 4762 tradenda.
