3270 5354
162 85 234 161 3⁰6
347 114 494 153 Sunuci
507 114 601 151 BERV!
613 114 781 153 ΥΙΙΙΤΔΒῪΙ
794 114 988 151 sasamon
1002 114 1022 151 1.
1035 114 1260 151 assumtionis.

311 288 348 331 eso
365 272 462 330 Omnia
478 273 653 344 praeoptem,
674 272 729 326 iam
747 285 809 327 seeo
829 276 856 326 et
871 275 976 331 aunan
991 273 1103 343 perisse

361 358 442 415 Mens
460 358 584 413 bumana
600 363 697 431 putat.-
718 358 779 411 talis
796 356 850 429 suit
869 357 972 425 Adria,
997 358 1065 412 iales

360 442 504 516 Supremis
523 445 609 499 euicta
630 443 710 497 motis
729 440 780 497 sub
792 447 908 513 pectore
926 455 1013 495 curas

368 528 517 596 uersabat,
538 544 621 600 quum
643 529 698 581 iam
718 526 803 599 serus
822 527 911 582 omnia
924 526 1057 597 perderet
1077 526 1216 591 Helvinus:

360 613 476 686 Iamque
497 614 620 686 Aquileia
640 619 737 683 polens
756 613 937 687 placidasque
957 610 1076 667 Limenis
1094 614 1134 667 ad
1155 614 1247 669 undae
1343 644 1355 667 0

312 715 350 756 loa
365 699 521 754 Exciderat
542 697 676 770 Scythicis
693 699 805 769 pinquis
826 695 980 754 Concordia
999 697 1120 767 llamnn‘s
1225 706 1228 711 '

350 785 534 857 ¹Altinumque
554 772 639 840 vetus
650 783 790 855 doatceque
811 783 956 837 Antenoris
974 797 1071 845 arcese

364 867 426 923 Iam
447 871 537 925 uicina
551 869 626 942 freto
651 869 729 923 lellus
749 873 776 922 et
794 867 880 922 nobile
900 867 972 922 littus

365 954 419 1009 Ter
434 953 502 1026 face
520 953 667 1008 barbarica
690 966 809 1007 mersum
827 954 948 1023 tristique
967 951 1066 1024 semila

364 1037 517 1109 Sparserat
537 1041 663 1112 antiquos
678 1043 816 1109 preelenla
838 1040 866 1091 in
883 1043 981 1108 slaqna
1000 1039 1123 1103 colonos,
1188 1105 1191 1109 ,

314 1139 350 1179 sss
364 1124 463 1179 Flebat
483 1125 615 1196 Amyclaei
634 1124 708 1178 cultu
726 1123 842 1194 spoliata
867 1121 972 1177 Timaei

365 1208 495 1281 Nympha
516 1216 591 1264 oetas
606 1209 752 1280 palri'sque
773 1223 866 1262 maras
886 1207 1034 1262 damnabat
1053 1209 1169 1275 inertes,

366 1293 445 1360 Quod
465 1311 533 1363 non,
555 1287 672 1365 septenis
693 1293 827 1364 Dryadas
848 1308 930 1364 quum
950 1291 1025 1363 farte
1045 1292 1147 1348 uideret

363 1380 545 1451 Altonitosque
560 1379 645 1434 ,molis
664 1377 777 1433 Faunos
795 1377 952 1433 incumbere
968 1378 1051 1448 ripis,

363 1465 525 1536 Assurpeus¹
538 1466 654 1535 venisset
674 1464 754 1536 aquis
774 1464 933 1534 clademque
953 1463 1080 1523 levasset,-

313 1567 352 1607 aoo
366 1548 465 1604 Flebat
483 1556 509 1604 et
529 1551 632 1605 innisae
649 1547 789 1620 quaerebat
805 1548 925 1604 condere
942 1549 1047 1619 fluctus

364 1633 509 1690 Damnatis
530 1633 622 1690 Celinu
645 1634 737 1700 vadis,
761 1633 803 1688 bis
825 1632 961 1705 questibus
982 1633 1024 1687 ire

365 1718 463 1776 Masta
476 1734 532 1791 per
554 1737 624 1774 arua
647 1718 710 1775 Silis
732 1718 871 1791 minisque
892 1717 1035 1789 Liquentia
1055 1721 1178 1789 campis,-

363 1804 427 1859 Hos
447 1805 497 1859 olii
514 1805 621 1860 ceritum
643 1804 750 1859 iactatis
769 1803 891 1874 sontibus
909 1818 1004 1857 amnes

364 1889 510 1962 Exsequias
525 1891 618 1961 patrio
640 1887 843 1961 inebrimasqne
861 1886 1009 1960 infundere
1030 1887 1119 1944 busta:

314 1989 351 2030 me
364 1974 502 2030 Paulatim
522 1975 573 2031 scd
594 1977 679 2030 tristis
700 1972 795 2046 lepems
814 1989 875 2029 sese
893 1975 940 2029 illa
951 1974 1074 2034 remini·

365 2059 450 2116 Cessit
468 2067 494 2114 et
510 2063 572 2132 ipsa
594 2063 682 2114 maris
698 2061 777 2131 persio
796 2056 918 2130 scitisque
935 2057 1040 2131 saturis

365 2145 422 2200 Per
444 2151 480 2200 tol
497 2147 586 2201 lustra
603 2152 696 2201 tennis
712 2145 799 2210 series
819 2147 950 2199 immenso
971 2143 1114 2199 malorum.

368 2229 437 2284 Tum
456 2231 533 2285 nitidi
548 2245 647 2285 uenere
668 2230 725 2284 dies
746 2229 871 2300 nullisque
892 2243 989 2285 sereno

365 2314 454 2370 Fuisil
474 2323 587 2387 uterque
605 2316 702 2387 polus:
725 2314 819 2368 mediis
841 2321 894 2369 tum
918 2313 1018 2369 blanda
1036 2313 1173 2368 sedentem

313 2415 352 2456 mo
366 2400 507 2456 Fluctibus
526 2395 666 2456 extorrem
686 2407 790 2471 pentem
812 2402 958 2471 complexa
979 2398 1092 2470 beniqno

364 2484 485 2557 Excepit
505 2486 632 2542 Fortuna
651 2485 728 2541 sirm.-
751 2484 907 2540 decesserat
922 2486 984 2540 alim

365 2570 454 2626 Invita
475 2571 603 2626 Ausoniis
624 2572 707 2625 terris
723 2577 805 2641 atque
823 2569 891 2625 urbe
912 2570 1033 2638 Quirini,

364 2656 481 2726 Imperii
495 2673 577 2728 quum
597 2672 700 2728 pompa
722 2662 797 2711 relies
820 2669 970 2728 nonumque
988 2654 1124 2726 decusque
1169 2670 1174 2679 ·

364 2739 505 2796 Bistonias
521 2741 599 2796 Latio
615 2746 779 2812 presserunt
795 2740 922 2811 pondere
941 2745 1048 2806 terras,

314 2840 352 2881 mo
368 2823 556 2898 Optaruntqae
577 2828 665 2881 locum
686 2840 771 2898 reqno
794 2828 964 2899 sceptrisque
983 2824 1111 2895 sciturum

364 2910 420 2965 inc
439 2929 494 2983 quo
515 2914 627 2983 cyanem
647 2914 765 2983 aqueum
786 2910 908 2967 ciuibus
927 2910 1019 2966 undas

367 2994 565 3052 Transmillant
584 2999 659 3052 tenui
678 2997 816 3067 Neptunia
834 2998 957 3052 claustra
978 3001 1084 3061 meatu,

366 3079 479 3153 Ouaque
494 3081 569 3153 freta
591 3080 717 3137 Inacbioe
737 3082 845 3153 uesli'qia
862 3097 963 3152 pressa
984 3083 1105 3136 iuuencae

366 3163 467 3221 Tristia
489 3166 557 3220 dant
577 3168 692 3237 rapidos
712 3169 837 3221 testantia
856 3168 968 3222 nomina
984 3172 1110 3221 cursus:'

312 3265 350 3307 no
365 3248 419 3306 Illa
440 3252 549 3323 quidem
570 3252 710 3307 lachrimis
731 3253 886 3323 vultumque
906 3251 1021 3307 obducto
1037 3265 1093 3321 per
1114 3265 1221 3306 <emnem

366 3335 523 3392 Oenotriam
543 3333 637 3408 fasces
655 3336 836 3408 Romanaque
856 3339 934 3408 siqua
956 3342 1049 3392 seculo
1069 3342 1121 3403 est,

166 3465 363 3475 ——.

204 3564 206 3568 >
231 3531 264 3565 ¹⁹⁰
282 3535 482 3586 Concordienscs
504 3543 603 3585 uastata
625 3537 721 3600 oppido
740 3552 784 3585 sao
803 3536 835 3585 ab
855 3537 955 3585 lleenm's
972 3552 995 3585 a.
1010 3538 1071 3584 los.
1085 3534 1212 3599 Capreolus
1228 3532 1349 3600 (σαυνία)
1366 3533 1442 3584 condi·

164 3619 235 3667 dere.
306 3617 336 3651 ¹⁹¹
356 3618 455 3686 doctoe]
478 3621 625 3670 Patauinum
641 3615 797 3684 ppmnosiuiu
816 3619 939 3671 Sabellici
952 3628 1065 3685 tempore
1082 3619 1182 3671 celebre
1202 3620 1263 3683 fuit.
1335 3618 1366 3651 ¹⁸²
1384 3613 1443 3679 lem]

163 3703 251 3752 lium
270 3706 292 3752 l.
363 3704 396 3738 ¹⁰³
414 3702 479 3770 Ter]
498 3706 607 3754 Primum
625 3721 649 3754 a.
663 3707 720 3754 iol.
735 3707 889 3770 liadapatsi,
913 3706 1006 3755 deinde
1023 3707 1124 3754 ΜΗ.
1138 3703 1241 3755 Alarici
1257 3707 1396 3755 exercitum
1409 3702 1445 3764 su-

161 3792 259 3851 pientcs
272 3788 417 3852 Patauinae,
437 3791 536 3840 tertiam
553 3789 658 3839 Attilam
673 3790 800 3854 sapientes
812 3791 990 3856 Aquileienses
1007 3805 1032 3838 a.
1047 3792 1108 3839 lea.
1126 3790 1284 3840 Venetianas
1301 3794 1403 3839 lacunas
1414 3789 1445 3836 in·

163 3872 289 3922 habitasse
303 3876 445 3939 scriptores
463 3880 580 3923 marram.
646 3872 677 3906 ¹⁹⁵
695 3872 838 3939 Amyoloei]
858 3875 972 3938 Amyclis
989 3874 1113 3955 chonioe
1130 3874 1217 3931 ecta,
1237 3875 1355 3926 Castoris
1373 3874 1446 3923 Pom-

162 3958 248 4023 eisque
265 3966 353 4016 mater,
372 3960 404 4008 ab
417 3960 478 4009 Ioue
496 3974 636 4023 conpressa
650 3959 799 4022 ferebatur:
818 3960 877 4009 inde
898 3959 1012 4009 Fimauus
1028 3966 1056 4008 nt
1069 3958 1242 4022 Antenoreae,
1263 3963 1301 4009 ita
1318 3963 1391 4011 etiam
1404 3959 1446 4008 Le·

164 4042 234 4091 daus
252 4047 369 4108 epactis
386 4045 487 4094 Latinis
505 4046 648 4109 adpretiatus
665 4052 713 4094 est.
784 4042 816 4075 ¹⁹⁷
835 4050 903 4109 sept.
919 4041 980 4108 rip]
1000 4043 1080 4094 Modo
1097 4052 1193 4107 septem
1212 4047 1287 4096 mado
1305 4059 1448 4096 uouemere

164 4126 307 4178 tribuantur
327 4128 435 4188 Timauo,
453 4131 525 4180 oraclo
544 4145 595 4189 uno,
610 4133 675 4179 ostio
693 4128 772 4180 emitti
788 4130 890 4179 dicitur.
943 4128 974 4161 ¹⁹⁹
993 4125 1126 4194 venisset]
1140 4129 1264 4180 misisset
1282 4134 1308 4182 l.
1354 4129 1448 4178 *0100-

165 4209 233 4277 linu]
258 4212 342 4263 clima
360 4217 385 4264 1.
410 4212 668 4264 bisinianensem
685 4213 813 4264 ecilino
833 4215 861 4277 ll.
873 4229 923 4278 per
941 4213 1078 4264 „bledanum
1100 4216 1126 4264 in
1144 4214 1308 4280 Liquentiaen
1330 4218 1449 4280 defertm

164 4293 197 4327 ²¹⁰
215 4295 360 4363 extorrem]
387 4314 422 4349 cae
444 4302 505 4348 loeis
527 4299 629 4349 Ilunais
652 4301 778 4363 expositis
797 4299 934 4363 prosaqum
956 4302 1081 4364 populum.
1151 4296 1185 4330 ²¹⁴
1206 4297 1296 4366 'Bist.]
1325 4301 1449 4351 reruni

164 4376 197 4410 ²¹⁵
214 4380 294 4431 Situm
314 4383 544 4447 Constantinopolis
566 4383 696 4435 describit.
766 4381 799 4416 ²¹⁷
816 4384 898 4449 Nept.
914 4381 958 4448 ol.]
974 4384 1056 4446 freta.
1108 4381 1141 4416 ²¹⁸
1161 4384 1298 4450 Bosporus
1326 4386 1448 4437 Fitraciue

163 4460 276 4532 ²²⁰111a]
300 4467 420 4516 Fortuna.
