3270 5354
422 404 526 440 sintela
539 406 565 440 V·
584 406 612 440 lli
626 406 826 443 PHLLOPOHPVH
840 409 981 450 ersuuurr.

263 558 381 621 Certum
404 567 445 620 est
470 568 498 622 te
521 563 657 622 nocuisse
680 561 767 630 nillil,
791 561 913 623 voluisse
935 582 1060 634 nocero,

346 661 466 723 Certum
490 669 534 723 est
555 681 689 724 ruuroros
711 669 875 725 attenuasse
898 683 994 734 meos,

264 763 411 843 Multaque
434 764 470 825 de
492 765 578 826 nobis
599 764 696 842 lingua
719 767 856 843 statuisse
877 785 977 827 severa

213 885 239 925 at
337 867 408 938 Quae
431 864 525 927 nolles
547 885 647 927 coram
670 870 863 946 proposuisse
886 867 967 929 milri.

263 968 342 1029 Pone
364 976 422 1029 tum
443 967 528 1029 lreuo
550 969 668 1029 admoto
692 971 821 1030 convicia
843 953 967 1047 linguae,
1199 971 1346 1059 sslgggglmlli·

346 1071 443 1141 Pone,
466 1089 588 1150 precor,
611 1071 730 1140 duram,
753 1073 777 1132 si
799 1077 898 1150 potes,
922 1073 1074 1141 invidiorum

262 1171 318 1232 Aut
340 1174 364 1232 si
387 1174 463 1234 sorte
486 1175 590 1252 nequis
612 1179 642 1234 et
663 1179 692 1234 te
714 1172 783 1251 quid
807 1172 913 1234 laedere
936 1181 1066 1252 oportet,

208 1296 233 1336 as
341 1276 453 1335 Sinon
476 1275 517 1335 vis
539 1273 625 1334 nobis
647 1292 783 1352 parcere,
807 1292 897 1352 parce
920 1275 980 1338 tibi.

258 1378 301 1436 An
325 1377 401 1436 iurat
423 1376 492 1437 huic
514 1377 624 1437 rabidis
646 1375 743 1437 moliri
766 1376 950 1437 incommoda
972 1376 1069 1438 verbis

342 1478 436 1548 Quem
458 1486 560 1539 notum
583 1485 627 1539 est
647 1496 799 1558 nunquam
822 1480 864 1538 sic
887 1480 1021 1541 nocuisse
1043 1479 1109 1550 uli,

259 1577 374 1656 Quique
397 1586 462 1639 tuas
484 1578 584 1640 laudes
607 1598 690 1659 aequo
713 1580 851 1658 dispersit
871 1579 985 1641 bonore

207 1700 232 1740 sa
343 1679 378 1740 Et
399 1682 450 1759 qui
473 1683 552 1742 omni
574 1682 610 1742 de
633 1688 661 1740 te
683 1683 845 1760 suspitione
869 1682 968 1742 vacat?

259 1780 386 1842 Laudari
409 1781 580 1861 vultumque
601 1790 684 1843 tuum
707 1789 864 1861 gestusque
885 1801 1021 1854 serenos,

340 1883 467 1945 Laudari
489 1901 601 1953 mores,
625 1903 694 1945 osor
715 1886 831 1963 inique,
855 1891 936 1955 tuos,
954 1939 965 1954 ,

257 1984 359 2046 Ornuia
382 2004 438 2065 pro
460 1985 564 2056 rebus,
587 1986 714 2064 sscloque
737 2005 772 2047 ex
795 1993 915 2065 pectore
937 2006 1102 2067 nunquam,

203 2107 229 2147 so
337 2087 420 2165 Saepe
443 2093 526 2148 tuum
548 2089 645 2166 magui
669 2088 792 2148 lecimus
813 2087 978 2167 eloquium:

255 2188 319 2250 lton
342 2197 439 2250 tamen
461 2191 517 2250 ista·
538 2196 621 2250 tuum
645 2189 730 2249 nobis
752 2199 911 2253 causentur
932 2210 1064 2253 amorem

339 2290 375 2351 Et
396 2293 433 2351 sit
455 2292 485 2351 in
508 2290 649 2370 obsequio
671 2293 762 2369 gratia
786 2291 865 2352 nulla
889 2311 970 2354 mco:

255 2391 331 2463 Quid
355 2394 429 2470 petis
451 2392 625 2462 innocuum,
649 2393 721 2453 nihil
743 2396 773 2454 in
795 2402 844 2455 tua
867 2397 930 2456 iura
955 2396 1113 2466 serentem,
1239 2397 1341 2476 ξξξῖζζ,

204 2515 229 2554 ao
337 2494 373 2554 Et
394 2493 473 2555 utilia
496 2495 649 2555 adversum
673 2496 839 2558 conditione
862 2497 932 2558 tibi‘l

254 2597 284 2657 Si
306 2602 335 2657 te
358 2588 452 2657 laudis
473 2614 556 2657 amor
578 2596 783 2675 lacerandique
805 2606 867 2660 atra
891 2600 997 2678 cupido

199 2684 202 2689 ⁴
338 2698 469 2777 Spesque
492 2697 566 2758 lucri
588 2698 719 2760 rabidam
743 2702 873 2779 cogitio
896 2703 1046 2771 iuvidiam,

254 2800 387 2860 Invideas
409 2801 433 2861 si
455 2801 520 2878 quis
543 2800 656 2862 meliori
679 2810 820 2880 congerat
842 2820 915 2863 auro

203 2921 227 2962 u
335 2901 530 2963 Emanaturas
552 2909 684 2982 temporo
707 2904 841 2973 diviciam

253 3003 385 3065 inrideas
409 3003 507 3074 lamae,
531 3006 555 3065 si
578 3007 643 3084 quis
664 3005 786 3066 meliore
809 3005 940 3075 iruattur,

338 3105 374 3166 Et
395 3106 508 3184 siquem
531 3105 617 3165 simili
639 3105 745 3167 ledere
768 3125 851 3167 moro
873 3116 971 3184 potes:

254 3207 314 3268 lios
336 3208 432 3267 tenuis
455 3209 546 3266 rietus
569 3213 598 3268 et
621 3207 705 3267 samm
728 3209 825 3286 portio
849 3215 955 3286 quauta

201 3330 227 3372 ae
335 3308 399 3370 Non
422 3310 491 3368 sinit
513 3308 637 3369 excelsis
660 3309 778 3370 olticere
801 3311 935 3387 ingeniis

252 3411 314 3473 Nec
336 3420 421 3491 potes
444 3429 477 3471 ex
501 3412 556 3470 isto
579 3410 706 3490 spolium
729 3412 890 3490 decerpere
914 3409 1006 3471 bello:

337 3513 489 3575 Arrhauos
512 3512 628 3589 (nescis)
651 3531 700 3573 res
722 3514 811 3575 lmliot
834 3516 888 3574 ista
910 3521 1021 3574 metus:

252 3617 327 3677 Sunt
348 3617 434 3676 otiam
458 3613 544 3676 nobis
566 3616 705 3675 animosae
727 3617 755 3676 iu
779 3616 878 3695 praelia
902 3618 978 3676 sires

200 3739 226 3778 aa
333 3718 368 3779 Et
390 3716 447 3778 tela
469 3716 566 3778 ultrici
589 3718 769 3779 discutienda
792 3736 895 3787 manu,
1098 3706 1115 3738 ⁹
1249 3717 1341 3795 ἔξω

252 3820 311 3881 Nec
334 3819 396 3880 lere
420 3819 456 3880 de
478 3827 580 3879 nostro
603 3821 697 3897 surgit
720 3819 869 3880 molimine
892 3820 1011 3892 vulnus,

335 3922 416 3983 Livet
439 3930 467 3983 et
489 3920 601 4001 absque
624 3923 704 3982 omui
726 3922 812 4000 plaga
834 3922 987 3999 relangnet
1009 3943 1080 4003 ope,

250 4021 343 4095 Quam
364 4042 460 4103 neque
482 4026 616 4085 restituat
638 4025 733 4084 mixtis
755 4022 918 4084 Podalirius
939 4024 1054 4096 herbis,

200 4149 225 4188 sc
330 4125 391 4187 Noc
413 4125 515 4187 l'hoebi
539 4127 631 4205 patria
655 4134 740 4186 curet
761 4124 897 4186 alumnus
919 4144 990 4205 ope.

113 4329 136 4365 ²¹
153 4335 182 4382 to
199 4333 289 4382 addid.
306 4330 581 4394 uenenarium.
643 4327 665 4361 ²⁴
684 4326 744 4380 (lut
763 4331 785 4378 1.
848 4327 871 4359 ²⁵
889 4334 963 4381 tcum
980 4331 1005 4378 8.
1066 4327 1088 4360 ³²
1105 4331 1262 4395 suspicione
1281 4334 1339 4384 2.3.

48 4415 70 4448 ³⁸
88 4417 169 4481 gratio
189 4420 211 4468 1.
274 4413 297 4447 ⁴²
315 4418 390 4479 Spem
408 4418 432 4463 1.
451 4414 573 4479 Spesque
592 4417 652 4464 2.3.
722 4411 743 4444 ⁴³
762 4411 840 4480 suro}
858 4414 923 4475 sort·
943 4428 1010 4462 euro
1028 4415 1165 4478 legendum.
1184 4418 1210 4463 2.
1227 4416 1339 4468 Μίηἱηιε.

47 4499 71 4533 ⁴⁴
88 4501 276 4551 divitias2.³.
321 4497 344 4531 ⁴⁵
361 4498 426 4562 tamt
439 4502 463 4550 1.
517 4495 540 4529 ⁴⁶
559 4502 649 4550 luttere
661 4501 684 4546 1.
736 4497 759 4530 ⁴⁷
776 4499 889 4551 uietcsl.
907 4499 1080 4549 scultetum
1096 4507 1254 4551 solempnes
1270 4518 1339 4553 corr.

47 4584 70 4618 Μ
88 4587 211 4636 Arcanos
223 4589 248 4635 2.
258 4589 284 4637 3.
337 4581 357 4615 ⁸¹
377 4583 484 4649 proelis
496 4586 521 4632 2.
531 4586 558 4633 3.
612 4580 634 4614 ⁵⁴
652 4581 758 4654 tincti.
772 4586 820 4633 sed
836 4599 905 4633 corr.
919 4589 978 4632 vett.
997 4600 1092 4633 munros.
1138 4583 1160 4616 ⁶⁵
1177 4585 1339 4651 Podalyrius

48 4672 73 4720 2.
82 4674 107 4719 3.
128 4670 200 4721 Ouid.
214 4670 271 4719 Art.
286 4684 339 4719 am.
352 4668 389 4718 11.
402 4667 461 4719 735.
481 4668 628 4730 „Quantus
646 4668 719 4732 epud
731 4668 843 4718 Donoos
855 4667 1011 4719 Podalirius
1025 4674 1083 4718 arte
1095 4669 1248 4721 modendi”.
1272 4671 1340 4722 Ore·

47 4756 142 4820 tonsis,
162 4754 323 4821 Aesculapii
336 4752 418 4818 filius,
437 4750 634 4816 Hodoeielecoc.
669 4751 691 4784 Μ
709 4752 894 4820 Aesculapius
906 4752 1042 4821 Apollinis
1056 4758 1085 4805 et
1096 4754 1240 4806 Coronidis
1257 4754 1338 4805 tilius.
