3270 5354
784 1139 944 1198 srtsrcta
1098 1170 1102 1175 -

615 1239 798 1302 VDELONlS
821 1239 960 1302 ul‘ltttltt
983 1238 1114 1301 CVSth

845 1346 888 1386 Du

564 1426 771 1478 EXVSTIONE
789 1425 981 1477 LIBRORVM
998 1426 1164 1478 LVTHERI

840 1516 880 1556 ET

396 1598 655 1651 MONACHORVM
672 1595 914 1648 DOMINIOANAE
933 1595 1128 1647 FACTIONIS
1145 1597 1325 1661 Nuqumn

525 1685 574 1734 AD
594 1683 796 1734 GERMANIAE
814 1680 1005 1732 Phocaeus
1022 1681 1070 1731 ΕΤ
1089 1681 1206 1732 mune.

163 1816 207 1866 tt.
302 1807 482 1864 Dominicanae
498 1808 623 1864 factionis
638 1805 780 1868 Pharisaei,
804 1804 903 1878 vulgos
924 1804 1148 1879 superciliosum.
1172 1805 1225 1862 iam
1248 1802 1314 1863 olim
1337 1808 1427 1866 ludeo
1441 1807 1502 1866 male

218 1894 317 1959 tincto,
342 1893 387 1968 qui
410 1910 471 1948 cum
494 1893 587 1967 pipere
613 1902 685 1949 trans
708 1908 781 1947 auare
803 1891 887 1952 venit,
911 1889 990 1946 honis
1013 1889 1100 1946 literis
1123 1890 1293 1966 eruditisque
1316 1893 1443 1950 omuibus
1463 1911 1503 1951 ue·

217 1978 326 2052 gocium
355 1979 543 2035 instituerunt.
587 1977 751 2053 Capnionem
774 1976 879 2032 nostis?
907 1975 1047 2032 modestiae
1076 1992 1107 2032 ac
1128 1974 1278 2034 literature
1306 1995 1363 2034 uon
1390 1979 1528 2053 vulgariam

218 2073 320 2137 typum.
343 2063 424 2119 lidcm
448 2080 518 2118 nnnc
541 2081 651 2137 queque
673 2080 728 2118 suae
751 2061 844 2117 latrinas
868 2059 1064 2133 theologastrrs
1086 2061 1114 2116 in
1137 2069 1243 2135 partem
1262 2063 1367 2119 voeatis
1383 2063 1504 2122 Christia-

217 2165 278 2203 uam
309 2147 534 2221 tranquillitatem
563 2149 666 2222 aliquot
690 2148 767 2202 antris
795 2146 871 2201 rniris
895 2146 1055 2221 imposturis
1081 2154 1210 2204 tentatam
1233 2156 1294 2205 toto
1316 2158 1440 2206 evertere
1462 2168 1504 2206 au·

219 2233 311 2288 dacter
339 2233 546 2305 ingrediuntur,
591 2243 621 2289 ut
655 2232 750 2289 divina¹
788 2231 908 2286 veritatis
942 2229 1042 2287 lumine
1075 2231 1195 2289 extincto
1229 2232 1367 2290 fraudium
1402 2252 1505 2292 suarum

219 2318 413 2374 crassissimam
437 2326 546 2375 noctem
574 2318 673 2374 nrundo
698 2315 831 2372 obducere
863 2324 890 2371 et
913 2317 1020 2371 lanmani
1044 2317 1189 2372 commenti
1218 2318 1389 2392 tyrannidem
1412 2319 1507 2377 substi·

162 2410 206 2460 §.a
219 2411 294 2458 tuere
310 2403 425 2476 possint.
455 2402 533 2459 Venit
549 2403 611 2459 huic
634 2401 748 2475 negocio
764 2401 831 2456 satis
847 2401 1065 2457 accorumodatus
1078 2399 1225 2466 meander,
1249 2410 1277 2458 et
1299 2402 1371 2459 idem
1393 2404 1532 2474 ludaeus‚¹⁵

218 2488 339 2544 Romano
363 2496 424 2543 astu
446 2488 546 2545 nehnlo
570 2487 704 2560 insignis,
738 2487 782 2542 cui
812 2486 902 2542 omnia
925 2486 1070 2542 venundari
1100 2504 1160 2559 aquae
1182 2487 1300 2544 mundus
1329 2487 1375 2545 hic
1397 2507 1508 2566 quasque

218 2572 316 2630 coelmu
355 2573 436 2629 hahet
470 2582 594 2648 potestas
624 2580 681 2633 cst,
717 2572 808 2626 cannia
836 2571 945 2644 quidem
973 2587 1055 2644 apuam
1083 2572 1223 2629 veritatem
1252 2571 1381 2648 amplecti
1409 2583 1507 2650 potest,

218 2657 286 2714 nihil
314 2667 355 2714 est
386 2658 459 2733 quod
488 2676 542 2715 non
571 2666 663 2732 potat,
691 2656 838 2713 dummodo
861 2657 984 2712 avariciae
1007 2656 1095 2712 lorum
1118 2674 1173 2714 non
1195 2659 1331 2731 stringas.
1364 2660 1507 2718 dummodo

217 2743 309 2800 luaurn
344 2743 371 2798 in
401 2752 505 2800 arctum
537 2761 590 2799 non
620 2743 702 2798 clocas
731 2742 872 2802 Romanis:
908 2742 1006 2814 dignus
1037 2740 1080 2797 hie
1103 2743 1150 2816 qui
1179 2743 1338 2817 apostolicae
1368 2746 1508 2820 scripture

218 2829 310 2885 lucum
334 2828 429 2890 iaciat,
459 2829 505 2902 qm
528 2829 573 2902 pia
588 2837 614 2884 ct
637 2836 728 2884 sancta
746 2827 875 2887 invertat,
900 2826 1014 2883 honesta
1030 2838 1201 2901 corrumpat,
1224 2829 1380 2903 composita
1395 2830 1534 2905 dissipet²⁰

217 2924 245 2970 et
268 2913 413 2970 mendaciis
436 2913 573 2970 mendacia
597 2911 761 2974 accnmnlct;
793 2911 891 2984 dignus
914 2912 960 2985 qm
983 2911 1303 2984 pseudochristianorum
1325 2917 1508 2975 monachismo

216 2999 305 3055 honos
329 3017 453 3073 quosque
476 2999 614 3073 perderet
635 2997 810 3071 producatur.
835 2996 893 3051 sitit
915 2996 1040 3070 prolecto
1063 2998 1151 3054 hestia
1172 2998 1230 3055 haec
1245 2999 1384 3056 Cretensis
1404 3000 1508 3057 Germa·

216 3101 277 3140 riam
301 3082 473 3149 libertatem,
503 3084 601 3157 quaerit
630 3083 732 3155 uhiqne
761 3080 872 3136 bullatis
901 3082 958 3136 suis
986 3079 1081 3145 hallis,
1111 3091 1137 3138 et
1166 3084 1225 3157 ipse
1255 3082 1344 3148 bulla.
1374 3087 1508 3163 principes

520 3299 739 3353 cnvnsanvs
757 3297 923 3350 sanc'rcn
941 3298 1201 3351 arnancosnnvs

680 3383 865 3435 cnnmams
884 3382 1045 3434 eunmvs
1513 3418 1535 3458 Ἀ

716 3481 878 3530 SALVTEM
901 3480 1008 3529 metr.

282 3608 475 3658 Dominieanae
493 3634 528 3643 -
546 3635 576 3643 -
596 3608 685 3657 tincto
704 3607 782 3656 bonis
801 3633 833 3641 -
851 3632 885 3641 —
903 3607 1044 3671 negotium
1063 3606 1198 3657 iecerunt.
1230 3607 1405 3674 capnionem
1423 3612 1508 3664 mode-

216 3694 278 3743 stioe
297 3697 326 3742 et
342 3718 377 3728 —
394 3718 425 3727 —
444 3698 537 3758 typum
556 3693 652 3742 nostis.
683 3692 708 3740 li
727 3707 799 3741 nunc
818 3718 850 3726 -
869 3718 900 3726 -
920 3690 1107 3742 Christianam
1130 3693 1323 3757 integritatem
1341 3710 1392 3746 sno
1411 3697 1508 3762 pedore

216 3779 415 3839 contaminare,
435 3777 613 3843 impudenter,
634 3775 710 3827 nullo
729 3776 818 3827 adhue
836 3776 999 3842 prohibente
1018 3782 1145 3843 pergunt.
1175 3778 1302 3828 Accessit
1319 3779 1385 3831 huie
1405 3785 1507 3847 provin·

216 3865 263 3913 tiae
282 3863 434 3926 Aleender,
459 3867 487 3912 et
506 3863 576 3912 idem
596 3863 716 3924 Iudaeus,
742 3863 858 3913 necdum
876 3878 948 3926 aqna
967 3862 1083 3912 salutari
1104 3863 1223 3913 ablutus.
1254 3864 1379 3927 Quodsi
1400 3866 1535 3917 nlinndett

215 3964 270 3999 nou
288 3948 407 4010 habeas,
434 3948 542 3998 abunde
568 3948 677 4013 quidem
702 3964 734 3998 ex
756 3948 873 3998 hominis
897 3949 1031 4012 moribus,
1057 3954 1084 3998 et
1102 3950 1130 3997 in
1150 3950 1223 3998 omni
1242 3955 1329 3999 aetate
1348 3951 1508 4002 illaudanda

215 4035 281 4084 vitae
305 4034 476 4085 scelestioris
501 4033 709 4084 cousuetudine.
739 4033 819 4083 testis
837 4034 1038 4083 Parrhisiorum
1062 4033 1208 4093 Luthetia,
1233 4036 1315 4085 testis
1334 4037 1437 4101 Roma,
1460 4040 1507 4088 Bo·

216 4121 299 4169 uonia
318 4127 345 4169 et
364 4120 456 4180 Italia,
478 4126 505 4169 et
524 4134 594 4168 nune
615 4117 724 4168 tandem
744 4119 891 4168 testabitur
909 4123 1004 4169 nostra
1023 4134 1128 4185 quoque
1143 4121 1301 4170 Germania.
1334 4123 1444 4187 Dignus
1456 4124 1508 4183 hie,

217 4206 262 4268 qni
281 4204 406 4254 Paulinae
426 4210 454 4254 et
473 4204 633 4269 apostolicae
651 4229 686 4239 -
702 4229 736 4239 —
754 4206 885 4266 invertat,
906 4209 1069 4269 corrumpat,
1089 4205 1207 4270 dissipet
1225 4212 1253 4255 et
1271 4207 1422 4259 mendacin
1440 4225 1508 4259 men-

217 4289 306 4339 daciis
326 4290 496 4354 adglutinet3
520 4291 619 4354 dignus
645 4289 679 4338 ab
704 4289 808 4354 pseudo
832 4289 1044 4340 christianorum
1068 4290 1254 4342 monachismo
1279 4291 1367 4343 bonos
1392 4303 1536 4360 qnosqnett

216 4374 355 4438 perdendo
374 4374 550 4440 producatur.
570 4401 601 4409 -
621 4402 652 4409 —
672 4375 869 4424 Germanorum
888 4375 1060 4426 libertatem:
1085 4378 1185 4442 quaerit
1203 4376 1305 4441 ubique
1325 4378 1439 4430 bullans
1457 4380 1508 4430 suis

283 4547 292 4575 ⁸
311 4545 368 4597 lud.
382 4545 438 4596 loa.
452 4545 634 4595 l‘lollerkorn.
700 4542 721 4576 ¹⁵
738 4545 761 4607 ἓ.
774 4541 811 4610 2.]
833 4544 875 4596 Cf.
890 4545 1005 4596 Lutheri
1024 4547 1113 4597 locum
1132 4548 1160 4596 in
1179 4547 1288 4612 praefat.
1303 4551 1507 4616 transcriptum.

216 4627 372 4680 Alexander
386 4637 413 4678 G.
486 4630 727 4694 indulgentiarius.
784 4628 804 4661 ¹⁷
823 4630 913 4697 quam]
934 4637 1043 4697 praeter.
1102 4633 1123 4665 ¹⁸
1142 4633 1270 4682 avaritiae
1291 4639 1318 4681 G.
1335 4642 1360 4683 et
1378 4637 1417 4686 sic
1436 4639 1461 4685 in
1477 4637 1507 4684 ri·

216 4713 312 4762 anilibus
331 4721 353 4773 t,
374 4716 416 4765 uhi
435 4732 449 4765 c
468 4716 544 4766 habet
564 4719 585 4765 1.
638 4711 660 4747 ²¹
679 4714 765 4785 Cret]
788 4720 824 4770 cf.
839 4717 920 4767 Pauli
940 4734 980 4784 ep.
995 4719 1030 4768 ed
1048 4719 1105 4769 Tit.
1120 4721 1142 4770 1.
1159 4719 1198 4769 12.
