3270 5354
168 393 316 429 enatem
328 394 364 428 ms
378 393 493 429 vnum
506 396 590 431 VWB
603 396 747 432 Asesmv
761 394 959 429 Pnuuonlcvu
973 393 1093 428 clausu.
1107 394 1263 430 OBAGVLW.
1294 363 1366 435 313

283 551 416 609 Materies
434 552 496 608 lucc
512 556 608 626 primu
624 555 694 627 [uili
715 570 780 609 nam
800 569 925 608 murmur
945 558 972 607 el
993 570 1093 608 ubertim

284 636 321 693 m
340 637 439 711 quibus
459 640 521 710 ipsu
542 654 640 695 reeens
663 639 739 695 urbis
755 655 831 695 nunc
850 637 946 711 forma
965 645 1108 706 coruscat,

283 721 340 780 lltu
361 730 435 781 uetus
455 727 553 781 meruit
567 728 675 799 pletas,
697 739 834 796 peperere
854 729 973 796 nepotes.

679 832 769 877 etms.

504 1099 544 1156 M.
565 1097 733 1155 ΑΝΤΟΝΙΙ
751 1096 955 1155 senectute!

428 1213 478 1264 DE
504 1213 665 1265 VENEYAE
691 1213 802 1264 VBBIS
824 1211 1031 1263 APPABATV

538 1310 764 1354 enuncrnleum
783 1311 910 1352 eunucu

463 1403 543 1455 QVOD
562 1399 765 1452 ORAGVLVM
782 1403 986 1447 luscutelrt'n.

281 1523 337 1579 llic
357 1522 404 1579 ubi
419 1525 574 1599 tn'ntternn
594 1523 718 1579 Fortuna
741 1522 880 1578 immobilis
897 1528 965 1578 cestu

282 1607 403 1665 Accubut
419 1616 446 1665 et
462 1608 545 1665 rebus
565 1625 621 1664 non
641 1610 779 1680 impacata
796 1607 924 1662 secundis

280 1694 338 1750 Dut
353 1695 453 1767 peluqo
468 1695 581 1750 variare
600 1697 683 1761 uices,
703 1694 761 1761 tibi,
784 1694 906 1747 maxime
929 1699 1021 1748 rectur

287 1779 445 1848 Undarum,
467 1781 515 1835 cui
528 1780 629 1852 qlaucu
650 1779 750 1834 cnteurs
771 1779 887 1833 desernit
907 1784 933 1832 et
953 1780 1040 1833 omni's

255 1862 400 1937 sTbetyos
419 1866 486 1921 uulu
505 1881 595 1937 nuque,
615 1866 642 1920 si
657 1881 722 1921 vera
744 1871 784 1919 est
802 1862 897 1935 sumu,
918 1877 972 1933 per
994 1865 1118 1919 umbram

282 1949 401 2005 Reddita
421 1967 476 2007 uox
497 1951 564 2005 coelu
585 1956 633 2006 tua
655 1951 776 2022 qnandiu
792 1949 855 2020 sula
875 1950 982 2004 retexit.

282 2036 337 2091 llla
351 2036 572 2107 perobscurum
592 2044 696 2091 noctem
719 2036 783 2090 diem
802 2039 898 2107 sponte
913 2048 970 2106 per
989 2041 1067 2091 ertum

284 2118 414 2176 Insinunt
433 2135 463 2176 se
482 2127 565 2193 qruta
586 2123 664 2193 quies
683 2123 792 2193 ullupsu
810 2122 942 2174 iacentem

285 2205 390 2278 Terque
405 2211 556 2280 quaterque
577 2208 652 2261 ciens
671 2207 743 2262 ultro
765 2205 825 2261 blec
844 2204 892 2281 tibi
908 2203 988 2276 satur
1008 2206 1047 2260 nd
1066 2222 1165 2261 aures.-

244 2307 270 2346 m
284 2289 354 2346 ‘Hic
373 2291 420 2347 ubi
434 2297 562 2347 sacratus
583 2297 662 2346 nctus
683 2300 708 2346 et
727 2290 848 2364 qrundiu
865 2293 938 2362 reqis

281 2374 456 2432 ‘Monstrulis
476 2384 648 2432 monsumentu
672 2378 725 2446 tui,
746 2391 843 2447 unaque
862 2377 963 2447 nliqer‚
984 2375 1057 2443 orbi,

280 2460 417 2517 ‘Undon's
433 2478 489 2534 qua
510 2468 588 2534 septa
608 2462 686 2517 undis
705 2477 779 2516 nunc
800 2461 909 2532 hospita
931 2462 1008 2517 tellus

281 2544 339 2601 ‘Te
359 2553 441 2615 tenet,
464 2553 598 2602 ueternum
621 2553 669 2602 lun
690 2548 804 2602 molliter
824 2560 888 2600 ussa
909 2540 1064 2617 quiescent.

279 2632 428 2687 Anrmeras
446 2631 528 2704 sutis,
546 2632 598 2688 sed
613 2649 676 2704 qum
697 2638 752 2686 tum
770 2636 846 2686 certa
865 2629 961 2701 futuri

242 2731 266 2772 u
284 2714 363 2772 Tunc
379 2731 547 2781 mensuum
565 2718 644 2790 soret
664 2718 744 2772 clurn
767 2715 826 2771 blec
842 2717 1001 2786 peruetruliu
1023 2719 1109 2785 cultu,

279 2801 342 2857 Hbc
360 2816 455 2858 rerum
473 2817 593 2873 sperare
614 2803 718 2859 decies?
738 2805 799 2875 quis
819 2802 911 2855 limina
933 2801 1022 2856 diuum

282 2886 497 2960 Tercentumque
517 2904 586 2944 artis
603 2903 687 2960 posse
707 2887 758 2943 boc
780 2901 948 2958 consurqere
966 2887 1053 2956 fluctu

256 2971 434 3043 ‚Crediderit
455 2977 550 3028 uates?
570 2973 622 3029 sed
641 2975 695 3041 sic,
720 2975 766 3028 cui
785 2987 891 3027 summu
911 2977 1047 3045 potestas,

280 3054 408 3118 Iusserat
426 3059 550 3113 immotus
570 3059 706 3114 deducere
722 3059 840 3113 stamina
861 3057 980 3111 Parcus.

183 3202 186 3206 ,
241 3156 268 3196 m
282 3141 364 3197 Nuda
384 3150 447 3199 erut
465 3142 526 3198 lsoec
547 3150 631 3199 terroe
644 3142 747 3215 facies,
769 3159 851 3215 quum
873 3147 972 3213 stuqnn
991 3140 1082 3212 refusi

278 3225 383 3283 Nereus
399 3234 425 3283 et
439 3229 552 3302 placido
572 3229 718 3284 sulcabant
732 3228 849 3300 [luminu
871 3243 971 3287 mersu:

279 3311 406 3369 Nondum
424 3314 570 3369 coelicolum
592 3314 671 3369 sedes
688 3313 858 3368 hominumue
878 3312 994 3384 superbi

277 3398 421 3454 Fluctibus
444 3399 577 3455 extabunt
590 3405 698 3471 postes,
721 3415 774 3453 uon
796 3400 887 3453 littora
908 3401 1013 3452 circum

279 3484 374 3538 Aurea
394 3483 521 3540 sublimes
540 3483 679 3557 feriebant
697 3484 800 3557 syderu
823 3491 931 3541 turres:

239 3582 265 3622 ns
280 3566 426 3641 Stuqnunti
442 3586 497 3624 non
517 3570 573 3626 ullu
590 3569 664 3642 freto
684 3570 809 3636 naualia,
832 3569 901 3623 nulli

279 3652 428 3710 Remorum
445 3655 558 3726 pulsus,
580 3671 634 3710 uon
657 3657 729 3710 lenta
751 3657 902 3710 celeumutu
922 3659 1050 3722 nunctum,

279 3737 336 3795 Sed
348 3739 444 3812 peluqi
462 3740 593 3811 planctus
611 3740 706 3795 uudiri
723 3746 749 3795 ct
764 3747 875 3813 questus
894 3739 933 3794 nd
948 3755 1037 3795 nurus

278 3823 436 3880 Nocturnus
457 3826 608 3881 uolucrum.

277 3907 320 3964 At
340 3912 466 3981 quamuis
482 3910 620 3966 montinum
642 3911 716 3966 cultu
735 3911 844 3965 deserta
865 3912 989 3965 iacerent

240 4008 266 4049 su
281 3993 392 4064 Omnia,
415 3995 544 4050 credibile
565 4003 605 4052 est
626 3991 699 4071 (num
722 4010 798 4051 mens
819 3995 919 4066 ‹cftlutu
936 3997 1094 4067 propinquo

278 4078 395 4135 Numine
413 4079 478 4151 futu
500 4080 583 4148 uidet,
600 4080 656 4151 suti
675 4096 726 4136 uec
746 4096 822 4136 cmcu
840 4082 931 4153 surturi

282 4162 343 4220 lltlu
367 4167 451 4221 obstet
471 4167 558 4238 caliq0
576 4164 642 4238 piis)
664 4166 711 4220 tibi
729 4172 807 4221 nocte
825 4167 914 4221 silenti

277 4247 374 4318 Hunc,
397 4268 459 4324 qum
480 4267 583 4323 sparsa
604 4253 675 4306 lucet
691 4253 819 4324 spaciosa
837 4266 893 4322 per
912 4266 1035 4321 aequora,
1058 4252 1152 4305 molem
1240 4245 1365 4331 lm&

278 4332 454 4392 obversatam
477 4339 577 4392 animis
597 4339 741 4408 enervisque
759 4336 832 4391 Ιιειηο
849 4336 969 4407 flexibus
990 4335 1092 4390 orbem.

238 4434 264 4476 ss
278 4419 387 4477 Scilicet
404 4438 513 4480 arcuna
534 4437 684 4494 suspensus
707 4424 767 4478 luce
785 4435 840 4492 per
861 4419 983 4476 umbram

147 4684 334 4723 nuscuntur!
346 4675 371 4723 1.
407 4670 415 4704 ¹
434 4675 459 4722 in
471 4689 519 4724 ora
531 4675 609 4723 manis
621 4688 725 4723 accessu
743 4687 893 4738 recessuque
910 4673 992 4721 uaria.
1028 4668 1038 4701 ³
1055 4673 1090 4735 cs.
1101 4688 1129 4737 p.
1143 4670 1203 4722 309.
1215 4673 1252 4722 ad
1268 4689 1289 4722 u.
1303 4670 1362 4722 316.

147 4769 246 4845 murum
265 4758 289 4808 l.
342 4755 365 4790 ¹⁰
381 4757 506 4823 Laqunoe.
