3270 5354
163 87 236 163 146
259 110 382 156 numm
391 114 429 154 tn
437 115 504 154 cns.
511 114 724 153 munuum
732 114 768 153 vr
777 112 889 152 mm
899 115 928 151 ιι
938 112 1065 155 nanos
1074 112 1452 158 rnouuxnomronrmn.

360 272 406 335 ln
426 272 498 335 ainis
519 271 584 333 haec
604 268 730 350 aliquem
752 270 806 332 tibi
827 269 994 333 detrectare
1013 277 1134 332 morunt
1147 349 1153 354 ,.

311 395 349 436 seo
444 373 515 446 Quae
536 391 688 453 nunquam
710 375 820 435 iustum
841 389 1035 452 promeruere
1056 371 1177 434 adium

361 476 443 537 dude
465 474 574 555 aliquid
595 471 738 554 lactisque
759 474 842 535 novis
862 475 947 536 istam
968 473 1036 536 elue
1057 473 1180 542 inmani,

445 579 516 649 Quae
538 584 635 638 umen
656 576 734 638 haud
757 594 873 646 causas,
896 576 975 638 unde
996 582 1127 646 seratur,
1150 572 1269 636 labet:-

361 680 516 760 Nunqnnm
539 678 643 760 aliquis
665 679 735 740 vidit
756 678 827 740 luxu
850 688 878 740 te
901 680 997 757 egisse
1018 679 1139 757 supino,
1190 717 1194 723 ·

310 801 347 842 sat
443 781 599 860 Nunquam
622 779 727 859 aliquis
748 781 820 865 vidit
841 789 940 843 mente
961 788 1083 842 vacante
1104 779 1214 849 levem,

360 884 457 962 thue
479 882 573 944 solent
595 900 695 962 reges,
720 863 838 943 mollem
861 883 1010 944 deducere
1032 884 1118 967 ritem
1155 910 1159 917 ·

446 985 607 1064 llulciaque
629 984 766 1062 amplecti
788 984 961 1062 deliciisque
983 985 1055 1053 lrui;

361 1088 485 1166 Semper
507 1087 584 1148 dura
604 1089 679 1165 pati,
701 1079 820 1165 semper
842 1086 946 1165 lugere
968 1088 1031 1148 ocia
1054 1093 1240 1167 prpntptum,

309 1208 347 1249 sos
443 1188 553 1249 Duritia
576 1195 703 1249 mentem
725 1188 930 1266 perdomuisse
949 1196 1043 1266 patet:

361 1289 463 1351 Castra
485 1289 640 1368 voluptatis
663 1308 813 1370 nunquam
836 1291 959 1352 ciuiliter
981 1292 1090 1361 intras,
1116 1325 1118 1329 -
1220 1304 1224 1311 ·

445 1391 502 1453 Sed
524 1398 663 1471 tanquam
685 1392 806 1472 laqueos
827 1393 1005 1472 insidiasque
1027 1392 1118 1471 iugis;

360 1493 398 1554 Et
417 1494 562 1572 siquando
585 1494 690 1564 audes,
713 1513 864 1573 nunquam
885 1495 1064 1556 temerarius
1083 1493 1176 1555 inlers

309 1614 347 1658 ena
443 1597 546 1666 Arma,
569 1596 621 1657 sed
644 1615 680 1657 er
702 1615 798 1658 cause
820 1597 991 1658 condicione
1013 1597 1125 1674 gratim

360 1696 495 1776 Dumque
516 1699 622 1766 inlers,
646 1716 706 1758 non
728 1697 825 1760 lentus
848 1699 933 1768 ades,
956 1716 1017 1758 non
1038 1697 1159 1759 ultimus
1180 1705 1274 1765 natas,

445 1799 487 1859 Ex
510 1801 572 1861 acie
594 1801 707 1879 primos
728 1803 861 1862 conseris
882 1808 950 1861 ante
970 1799 1071 1861 duces.

362 1901 436 1980 Spes
457 1901 529 1962 milii
551 1919 606 1981 per
626 1909 656 1963 te
678 1904 766 1980 igitur
789 1902 956 1964 cunctando
979 1903 1092 1963 restitui
1114 1919 1195 1972 rem,
1299 1928 1300 1932 ¹

310 2022 348 2063 soa
444 2002 515 2073 Quae
537 2020 616 2064 nuno
638 2023 674 2065 ex
696 2006 794 2065 animo
815 2012 931 2084 statque
953 2003 1088 2083 caditque
1109 2010 1171 2063 tuo.

362 2104 426 2165 lluc
448 2123 503 2183 ego
525 2106 583 2166 iarn
605 2106 719 2184 pridem
741 2124 790 2167 res
814 2105 917 2167 abste
940 2104 1046 2184 colligo
1068 2113 1180 2183 gestas,
1256 2145 1263 2160 .

445 2208 576 2280 Quorum
599 2216 657 2277 est,
681 2227 768 2287 quarn
791 2208 893 2279 debet,
917 2206 980 2268 laus
1000 2205 1053 2268 tibi
1074 2214 1158 2286 parta
1180 2208 1294 2273 minor:

360 2399 401 2455 tn
424 2399 490 2454 sinis
512 2386 571 2455 lime
591 2398 709 2472 aliquem
732 2398 781 2454 tibi
802 2399 953 2454 detrectare
975 2406 1086 2455 tuorum

446 2482 510 2552 Qua
531 2500 667 2556 nunquam
690 2484 790 2539 iustum
812 2500 989 2557 promeruere
1012 2483 1120 2538 odium?

361 2568 502 2644 Nunquam
524 2568 622 2643 aliquis
644 2568 711 2624 vidit
732 2568 796 2625 lusu
818 2577 845 2625 te
868 2568 957 2643 egisse
979 2569 1095 2642 supino,

310 2667 349 2708 nos
444 2653 585 2727 Nunquam
608 2653 706 2726 aliquis
729 2654 795 2710 vidit
816 2661 905 2709 mente
927 2661 1037 2710 vacante
1059 2651 1159 2713 levem,

362 2739 450 2815 thue
472 2737 562 2795 solent
584 2755 677 2811 reges,
701 2737 811 2795 mollem
833 2738 965 2795 deducere
986 2737 1067 2794 vitam

446 2823 592 2898 dulciaque
614 2821 747 2897 amplecti*
762 2821 919 2897 delitiisque
942 2823 1011 2886 lrui;

361 2909 474 2983 Semper
494 2909 562 2966 dura
584 2908 655 2983 pati.
678 2925 784 2983 semper
806 2909 901 2982 ingere
923 2909 981 2965 ocia
1000 2914 1146 2980 promptus

311 3008 350 3050 arr
444 2994 600 3066 duritiaque
621 2996 741 3049 animum
762 2993 950 3067 perdomuisse
972 2994 1058 3048 soles:

363 3080 456 3136 Castra
478 3077 626 3153 voluptatis
648 3095 786 3152 nunquam
808 3076 924 3135 ciuiliter
945 3077 1045 3139 intras,

446 3164 498 3220 Sed
520 3172 646 3237 tanquam
668 3163 780 3238 laqueos
802 3163 967 3238 insidiasque
989 3163 1075 3236 iugis.

361 3248 395 3304 Et
417 3249 440 3303 si
464 3248 571 3323 quondo
593 3248 689 3311 audes,
712 3265 851 3323 nunqnam
874 3248 1034 3304 temerarius
1057 3246 1142 3303 iniens

311 3347 350 3388 ars
445 3335 539 3395 Arma,
562 3333 609 3390 sed
632 3350 665 3389 ex
686 3351 775 3390 causae
796 3333 952 3390 conditione
973 3331 1078 3406 gravis;

362 3418 482 3492 itumque
504 3418 604 3482 inlers,
627 3435 682 3474 non
704 3418 795 3475 lentus
817 3418 896 3481 ades,
919 3433 973 3474 non
996 3416 1108 3474 ultimus
1130 3416 1236 3479 ndstnse

448 3504 484 3559 Ex
506 3503 562 3560 acie
584 3503 688 3578 primos
709 3504 831 3560 conseris
852 3511 915 3559 ante
936 3503 1028 3559 duces

363 3586 431 3662 Spes
453 3588 518 3645 milri
540 3606 590 3662 per
612 3596 639 3646 te
661 3588 746 3663 igitur
767 3587 919 3646 cunctando
941 3587 1049 3643 restitui
1070 3602 1144 3649 reni.

311 3686 350 3728 rao
446 3671 510 3741 uuae
531 3691 603 3732 nunc
625 3691 656 3728 ex
678 3674 768 3730 animo
789 3681 898 3747 statque
919 3672 1044 3747 caditque
1066 3679 1123 3728 tuo.
1390 3685 1442 3737 text

362 3757 420 3815 lluo
440 3775 493 3833 ego
516 3759 568 3814 iarn
589 3758 693 3832 pridem
716 3776 760 3815 res
781 3778 799 3814 o
821 3767 849 3814 te
869 3753 971 3832 colligo
993 3765 1099 3831 gestas,
1391 3771 1442 3823 pst)

447 3841 565 3911 Quarum
587 3851 642 3906 ost.
665 3860 745 3917 quarn
766 3841 860 3907 debet,
883 3841 942 3900 lans
969 3842 1017 3898 tibi
1040 3849 1117 3917 parta
1138 3841 1237 3898 minor.
1393 3856 1464 3910 (ιιι).

229 4023 262 4058 ⁵²²
278 4022 397 4092 seretur]
410 4024 549 4092 polluetur
560 4026 731 4077 sermonibus
743 4026 821 4080 setis.
868 4022 902 4058 ⁵³¹
920 4025 1077 4077 conditione
1090 4027 1164 4078 8..AE
1211 4021 1246 4056 ⁵⁸⁸
1266 4024 1361 4077 adstes
1373 4028 1444 4077 m.

163 4108 196 4142 ⁸³⁶
214 4109 258 4161 Gi.
270 4110 353 4177 Verg.
367 4111 435 4161 Aen.
449 4110 495 4161 VI.
507 4109 567 4162 846.
620 4102 727 4160 Ennius
745 4125 789 4177 sp.
803 4109 863 4163 Cio.
876 4110 910 4161 de
928 4125 986 4161 sen.
1000 4111 1025 4160 4.
1039 4109 1074 4160 de
1085 4109 1175 4161 rabia
1192 4109 1330 4161 lininio:

313 4195 390 4246 Unna
407 4194 488 4246 homo
505 4195 586 4247 nobis
605 4195 760 4248 onnetnndo
778 4195 900 4246 restituit
916 4210 988 4246 reni:

313 4280 436 4331 Noenum
454 4295 576 4330 rumores
594 4280 717 4346 ponebat
736 4285 799 4331 ante
818 4266 950 4343 selutem3

314 4363 388 4429 Ergo
405 4368 520 4432 postque
538 4365 681 4433 magisque
698 4365 752 4417 viri
769 4380 841 4416 nuno
857 4364 947 4431 glorie
964 4364 1060 4416 oleret.

165 4444 208 4496 cf.
220 4443 333 4497 Laehm.
347 4448 383 4498 nd
394 4449 505 4500 Lueret.
518 4465 544 4516 p.
560 4434 616 4500 tlt).
637 4486 649 4506 .
