<?xml version="1.0" encoding="UTF-8"?>
<!DOCTYPE html PUBLIC "-//W3C//DTD XHTML 1.0 Transitional//EN"
    "http://www.w3.org/TR/xhtml1/DTD/xhtml1-transitional.dtd">
<html xmlns="http://www.w3.org/1999/xhtml" xml:lang="en" lang="en">
 <head>
  <title>
</title>
<meta http-equiv="Content-Type" content="text/html;charset=utf-8" />
  <meta name='ocr-system' content='tesseract 3.04.00' />
  <meta name='ocr-capabilities' content='ocr_page ocr_carea ocr_par ocr_line ocrx_word'/>
</head>
<body>
  <div class='ocr_page' id='page_1' title='image "./ulrichihuttenie08huttgoog_0415.png"; bbox 0 0 3270 5354; ppageno 0'>
   <div class='ocr_carea' id='block_1_1' title="bbox 164 313 1272 386">
    <p class='ocr_par' dir='ltr' id='par_1_1' title="bbox 164 313 1272 386">
     <span class='ocr_line' id='line_1_1' title="bbox 164 313 1272 386; baseline -0.008 -6"><span class='ocrx_word' id='word_1_1' title='bbox 164 313 237 386; x_wconf 70' lang='grc'>376</span> <span class='ocrx_word' id='word_1_2' title='bbox 342 341 465 379; x_wconf 69' lang='lat' dir='ltr'>nuruum</span> <span class='ocrx_word' id='word_1_3' title='bbox 479 341 507 376; x_wconf 75' lang='lat' dir='ltr'>ln</span> <span class='ocrx_word' id='word_1_4' title='bbox 521 337 718 375; x_wconf 69' lang='lat' dir='ltr'>EXCEPTIONEM</span> <span class='ocrx_word' id='word_1_5' title='bbox 732 336 918 374; x_wconf 73' lang='lat' dir='ltr'>uonvnrtnnu</span> <span class='ocrx_word' id='word_1_6' title='bbox 930 335 1051 371; x_wconf 67' lang='lat' dir='ltr'>ALBERTl</span> <span class='ocrx_word' id='word_1_7' title='bbox 1065 336 1272 373; x_wconf 69' lang='lat' dir='ltr'>rantnrnlcvs.</span> 
     </span>
    </p>
   </div>
   <div class='ocr_carea' id='block_1_2' title="bbox 314 491 1437 1391">
    <p class='ocr_par' dir='ltr' id='par_1_2' title="bbox 366 491 1236 775">
     <span class='ocr_line' id='line_1_2' title="bbox 367 491 1236 576; baseline -0.003 -18"><span class='ocrx_word' id='word_1_8' title='bbox 367 498 472 576; x_wconf 82' lang='lat' dir='ltr'>Magna</span> <span class='ocrx_word' id='word_1_9' title='bbox 495 502 615 574; x_wconf 85' lang='lat' dir='ltr'>gerunt,</span> <span class='ocrx_word' id='word_1_10' title='bbox 640 500 821 573; x_wconf 89' lang='lat' dir='ltr'>spernuntur</span> <span class='ocrx_word' id='word_1_11' title='bbox 844 510 931 571; x_wconf 86' lang='lat' dir='ltr'>opes,</span> <span class='ocrx_word' id='word_1_12' title='bbox 956 501 985 552; x_wconf 86' lang='lat' dir='ltr'>at</span> <span class='ocrx_word' id='word_1_13' title='bbox 1006 491 1131 555; x_wconf 85' lang='lat' dir='ltr'>bellicus</span> <span class='ocrx_word' id='word_1_14' title='bbox 1153 495 1236 556; x_wconf 91' lang='lat' dir='ltr'>omni</span> 
     </span>
     <span class='ocr_line' id='line_1_3' title="bbox 366 596 1090 674; baseline -0.008 -14"><span class='ocrx_word' id='word_1_15' title='bbox 366 598 515 670; x_wconf 73' lang='lat' dir='ltr'>Queritur</span> <span class='ocrx_word' id='word_1_16' title='bbox 537 596 654 674; x_wconf 87' lang='lat' dir='ltr'>iugenio</span> <span class='ocrx_word' id='word_1_17' title='bbox 677 596 767 656; x_wconf 91' lang='lat' dir='ltr'>decor</span> <span class='ocrx_word' id='word_1_18' title='bbox 790 602 819 656; x_wconf 91' lang='lat' dir='ltr'>et</span> <span class='ocrx_word' id='word_1_19' title='bbox 841 596 946 656; x_wconf 88' lang='lat' dir='ltr'>virtute</span> <span class='ocrx_word' id='word_1_20' title='bbox 968 602 1090 673; x_wconf 87' lang='lat' dir='ltr'>paratur</span> 
     </span>
     <span class='ocr_line' id='line_1_4' title="bbox 367 695 1179 775; baseline 0.002 -14"><span class='ocrx_word' id='word_1_21' title='bbox 367 701 455 761; x_wconf 83' lang='lat' dir='ltr'>Fama</span> <span class='ocrx_word' id='word_1_22' title='bbox 479 701 561 759; x_wconf 82' lang='lat' dir='ltr'>viris:</span> <span class='ocrx_word' id='word_1_23' title='bbox 586 695 680 758; x_wconf 85' lang='lat' dir='ltr'>viden&#39;</span> <span class='ocrx_word' id='word_1_24' title='bbox 703 704 736 757; x_wconf 90' lang='lat' dir='ltr'>ut</span> <span class='ocrx_word' id='word_1_25' title='bbox 759 698 892 775; x_wconf 82' lang='lat' dir='ltr'>quisquis</span> <span class='ocrx_word' id='word_1_26' title='bbox 915 697 1049 759; x_wconf 81' lang='lat' dir='ltr'>treliciter</span> <span class='ocrx_word' id='word_1_27' title='bbox 1070 699 1179 763; x_wconf 87' lang='lat' dir='ltr'>borum</span> 
     </span>
    </p>

    <p class='ocr_par' dir='ltr' id='par_1_3' title="bbox 314 800 1437 1287">
     <span class='ocr_line' id='line_1_5' title="bbox 314 800 1276 880; baseline -0.002 -15"><span class='ocrx_word' id='word_1_28' title='bbox 314 825 352 865; x_wconf 83' lang='lat' dir='ltr'>no</span> <span class='ocrx_word' id='word_1_29' title='bbox 367 803 440 864; x_wconf 86' lang='lat' dir='ltr'>Rem</span> <span class='ocrx_word' id='word_1_30' title='bbox 463 803 567 880; x_wconf 87' lang='lat' dir='ltr'>gessit,</span> <span class='ocrx_word' id='word_1_31' title='bbox 592 818 650 859; x_wconf 93' lang='lat' dir='ltr'>non</span> <span class='ocrx_word' id='word_1_32' title='bbox 673 800 754 861; x_wconf 85' lang='lat' dir='ltr'>auxit</span> <span class='ocrx_word' id='word_1_33' title='bbox 776 816 862 876; x_wconf 91' lang='lat' dir='ltr'>opes,</span> <span class='ocrx_word' id='word_1_34' title='bbox 887 818 988 860; x_wconf 88' lang='lat' dir='ltr'>verum</span> <span class='ocrx_word' id='word_1_35' title='bbox 1011 803 1091 862; x_wconf 83' lang='lat' dir='ltr'>auxit</span> <span class='ocrx_word' id='word_1_36' title='bbox 1113 802 1276 863; x_wconf 78' lang='lat' dir='ltr'>bonorem?</span> 
     </span>
     <span class='ocr_line' id='line_1_6' title="bbox 365 901 1437 982; baseline -0.007 -16"><span class='ocrx_word' id='word_1_37' title='bbox 365 905 442 966; x_wconf 83' lang='lat' dir='ltr'>Ecce</span> <span class='ocrx_word' id='word_1_38' title='bbox 464 921 553 982; x_wconf 82' lang='lat' dir='ltr'>vagos</span> <span class='ocrx_word' id='word_1_39' title='bbox 575 902 665 963; x_wconf 91' lang='lat' dir='ltr'>armis</span> <span class='ocrx_word' id='word_1_40' title='bbox 687 901 822 962; x_wconf 93' lang='lat' dir='ltr'>Cimbros</span> <span class='ocrx_word' id='word_1_41' title='bbox 843 902 1018 980; x_wconf 80' lang='lat' dir='ltr'>trepidantia</span> <span class='ocrx_word' id='word_1_42' title='bbox 1043 912 1145 965; x_wconf 88' lang='lat' dir='ltr'>eontra</span> <span class='ocrx_word' id='word_1_43' title='bbox 1352 907 1437 963; x_wconf 61' lang='lat' dir='ltr'>lcum⁴</span> 
     </span>
     <span class='ocr_line' id='line_1_7' title="bbox 366 1004 1214 1083; baseline -0.001 -16"><span class='ocrx_word' id='word_1_44' title='bbox 366 1005 609 1074; x_wconf 72' lang='lat' dir='ltr'>Castrandum,</span> <span class='ocrx_word' id='word_1_45' title='bbox 633 1004 773 1082; x_wconf 87' lang='lat' dir='ltr'>Latiaque</span> <span class='ocrx_word' id='word_1_46' title='bbox 797 1012 892 1064; x_wconf 90' lang='lat' dir='ltr'>metus</span> <span class='ocrx_word' id='word_1_47' title='bbox 915 1007 945 1064; x_wconf 90' lang='lat' dir='ltr'>in</span> <span class='ocrx_word' id='word_1_48' title='bbox 968 1012 1055 1083; x_wconf 91' lang='lat' dir='ltr'>gente</span> <span class='ocrx_word' id='word_1_49' title='bbox 1078 1014 1214 1068; x_wconf 88' lang='lat' dir='ltr'>coaetos:</span> 
     </span>
     <span class='ocr_line' id='line_1_8' title="bbox 368 1105 1436 1188; baseline 0 -18"><span class='ocrx_word' id='word_1_50' title='bbox 368 1107 463 1170; x_wconf 83' lang='lat' dir='ltr'>Carbo</span> <span class='ocrx_word' id='word_1_51' title='bbox 487 1108 575 1184; x_wconf 82' lang='lat' dir='ltr'>sugit,</span> <span class='ocrx_word' id='word_1_52' title='bbox 599 1106 715 1183; x_wconf 89' lang='lat' dir='ltr'>capitur</span> <span class='ocrx_word' id='word_1_53' title='bbox 738 1105 888 1175; x_wconf 83' lang='lat' dir='ltr'>Scaurus,</span> <span class='ocrx_word' id='word_1_54' title='bbox 912 1105 1047 1186; x_wconf 78' lang='lat' dir='ltr'>Syllanus</span> <span class='ocrx_word' id='word_1_55' title='bbox 1069 1109 1098 1167; x_wconf 93' lang='lat' dir='ltr'>in</span> <span class='ocrx_word' id='word_1_56' title='bbox 1121 1108 1236 1171; x_wconf 85' lang='lat' dir='ltr'>bostem</span> <span class='ocrx_word' id='word_1_57' title='bbox 1331 1107 1436 1188; x_wconf 50' lang='lat' dir='ltr'>fimi·</span> 
     </span>
     <span class='ocr_line' id='line_1_9' title="bbox 368 1209 1170 1287; baseline -0.002 -15"><span class='ocrx_word' id='word_1_58' title='bbox 368 1213 488 1272; x_wconf 86' lang='lat' dir='ltr'>Frustra</span> <span class='ocrx_word' id='word_1_59' title='bbox 512 1210 586 1285; x_wconf 86' lang='lat' dir='ltr'>agit.</span> <span class='ocrx_word' id='word_1_60' title='bbox 611 1215 736 1268; x_wconf 70' lang='lat' dir='ltr'>ostensui</span> <span class='ocrx_word' id='word_1_61' title='bbox 758 1226 876 1287; x_wconf 82' lang='lat' dir='ltr'>poenam</span> <span class='ocrx_word' id='word_1_62' title='bbox 900 1209 949 1269; x_wconf 90' lang='lat' dir='ltr'>dat</span> <span class='ocrx_word' id='word_1_63' title='bbox 971 1209 1086 1270; x_wconf 85' lang='lat' dir='ltr'>Cassius</span> <span class='ocrx_word' id='word_1_64' title='bbox 1110 1209 1170 1270; x_wconf 78' lang='lat' dir='ltr'>irre.</span> 
     </span>
    </p>

    <p class='ocr_par' dir='ltr' id='par_1_4' title="bbox 316 1310 1435 1391">
     <span class='ocr_line' id='line_1_10' title="bbox 316 1310 1435 1391; baseline 0.001 -19"><span class='ocrx_word' id='word_1_65' title='bbox 316 1333 353 1372; x_wconf 74' lang='lat' dir='ltr'>aas</span> <span class='ocrx_word' id='word_1_66' title='bbox 368 1313 505 1391; x_wconf 74' lang='lat' dir='ltr'>Praecipit</span> <span class='ocrx_word' id='word_1_67' title='bbox 526 1328 606 1371; x_wconf 89' lang='lat' dir='ltr'>arma</span> <span class='ocrx_word' id='word_1_68' title='bbox 623 1310 727 1380; x_wconf 78' lang='lat' dir='ltr'>bolus,</span> <span class='ocrx_word' id='word_1_69' title='bbox 751 1311 877 1388; x_wconf 88' lang='lat' dir='ltr'>primam</span> <span class='ocrx_word' id='word_1_70' title='bbox 900 1310 950 1370; x_wconf 90' lang='lat' dir='ltr'>dat</span> <span class='ocrx_word' id='word_1_71' title='bbox 965 1310 1057 1372; x_wconf 90' lang='lat' dir='ltr'>Callia</span> <span class='ocrx_word' id='word_1_72' title='bbox 1079 1311 1227 1390; x_wconf 80' lang='lat' dir='ltr'>praedam,</span> <span class='ocrx_word' id='word_1_73' title='bbox 1375 1312 1435 1390; x_wconf 74' lang='lat'><strong>{⁸⁰¹&#39;³</strong></span> 
     </span>
    </p>
   </div>
   <div class='ocr_carea' id='block_1_3' title="bbox 1393 1363 1423 1388">
    <p class='ocr_par' dir='ltr' id='par_1_5' title="bbox 1393 1363 1423 1388">
     <span class='ocr_line' id='line_1_11' title="bbox 1393 1363 1423 1388; baseline 0 0"><span class='ocrx_word' id='word_1_74' title='bbox 1393 1363 1423 1388; x_wconf 63' lang='lat' dir='ltr'>ffl-</span> 
     </span>
    </p>
   </div>
   <div class='ocr_carea' id='block_1_4' title="bbox 278 1411 1435 2736">
    <p class='ocr_par' dir='ltr' id='par_1_6' title="bbox 367 1411 1435 1799">
     <span class='ocr_line' id='line_1_12' title="bbox 367 1411 1435 1497; baseline -0.01 -21"><span class='ocrx_word' id='word_1_75' title='bbox 367 1417 524 1494; x_wconf 86' lang='lat' dir='ltr'>Primaque</span> <span class='ocrx_word' id='word_1_76' title='bbox 547 1413 675 1474; x_wconf 84' lang='lat' dir='ltr'>terrifico</span> <span class='ocrx_word' id='word_1_77' title='bbox 698 1414 802 1472; x_wconf 89' lang='lat' dir='ltr'>mirata</span> <span class='ocrx_word' id='word_1_78' title='bbox 825 1419 869 1473; x_wconf 91' lang='lat' dir='ltr'>est</span> <span class='ocrx_word' id='word_1_79' title='bbox 891 1420 1029 1492; x_wconf 80' lang='lat' dir='ltr'>tympana</span> <span class='ocrx_word' id='word_1_80' title='bbox 1052 1411 1156 1493; x_wconf 84' lang='lat' dir='ltr'>pulsu,</span> <span class='ocrx_word' id='word_1_81' title='bbox 1310 1411 1435 1497; x_wconf 67' lang='lat' dir='ltr'>lumem</span> 
     </span>
     <span class='ocr_line' id='line_1_13' title="bbox 368 1513 1145 1593; baseline -0.006 -14"><span class='ocrx_word' id='word_1_82' title='bbox 368 1516 506 1579; x_wconf 82' lang='lat' dir='ltr'>Germani</span> <span class='ocrx_word' id='word_1_83' title='bbox 530 1517 680 1576; x_wconf 76' lang='lat' dir='ltr'>inventum</span> <span class='ocrx_word' id='word_1_84' title='bbox 703 1514 819 1584; x_wconf 87' lang='lat' dir='ltr'>Martis,</span> <span class='ocrx_word' id='word_1_85' title='bbox 843 1513 1145 1593; x_wconf 78' lang='lat' dir='ltr'>Cimbriqueluroris</span> 
     </span>
     <span class='ocr_line' id='line_1_14' title="bbox 368 1616 1144 1695; baseline -0.001 -16"><span class='ocrx_word' id='word_1_86' title='bbox 368 1618 492 1681; x_wconf 85' lang='lat' dir='ltr'>Manlius</span> <span class='ocrx_word' id='word_1_87' title='bbox 513 1617 639 1678; x_wconf 76' lang='lat' dir='ltr'>infausto</span> <span class='ocrx_word' id='word_1_88' title='bbox 663 1622 765 1677; x_wconf 88' lang='lat' dir='ltr'>eontra</span> <span class='ocrx_word' id='word_1_89' title='bbox 789 1616 877 1676; x_wconf 86' lang='lat' dir='ltr'>trabit</span> <span class='ocrx_word' id='word_1_90' title='bbox 899 1617 1014 1695; x_wconf 81' lang='lat' dir='ltr'>agmina</span> <span class='ocrx_word' id='word_1_91' title='bbox 1038 1635 1144 1685; x_wconf 88' lang='lat' dir='ltr'>cursu;</span> 
     </span>
     <span class='ocr_line' id='line_1_15' title="bbox 368 1718 1077 1799; baseline -0.008 -16"><span class='ocrx_word' id='word_1_92' title='bbox 368 1721 464 1799; x_wconf 78' lang='lat' dir='ltr'>Caepio</span> <span class='ocrx_word' id='word_1_93' title='bbox 486 1718 667 1788; x_wconf 89' lang='lat' dir='ltr'>succumbit,</span> <span class='ocrx_word' id='word_1_94' title='bbox 692 1727 772 1778; x_wconf 82' lang='lat' dir='ltr'>vasto</span> <span class='ocrx_word' id='word_1_95' title='bbox 795 1724 837 1779; x_wconf 92' lang='lat' dir='ltr'>tot</span> <span class='ocrx_word' id='word_1_96' title='bbox 860 1718 948 1780; x_wconf 91' lang='lat' dir='ltr'>millia</span> <span class='ocrx_word' id='word_1_97' title='bbox 971 1737 1077 1798; x_wconf 92' lang='lat' dir='ltr'>campo</span> 
     </span>
    </p>

    <p class='ocr_par' dir='ltr' id='par_1_7' title="bbox 316 1821 1279 2309">
     <span class='ocr_line' id='line_1_16' title="bbox 316 1821 1053 1889; baseline -0.005 -4"><span class='ocrx_word' id='word_1_98' title='bbox 316 1846 354 1887; x_wconf 82' lang='lat' dir='ltr'>rao</span> <span class='ocrx_word' id='word_1_99' title='bbox 369 1822 542 1884; x_wconf 89' lang='lat' dir='ltr'>Circunlusa</span> <span class='ocrx_word' id='word_1_100' title='bbox 565 1824 671 1889; x_wconf 89' lang='lat' dir='ltr'>iacent,</span> <span class='ocrx_word' id='word_1_101' title='bbox 696 1822 770 1882; x_wconf 87' lang='lat' dir='ltr'>lines</span> <span class='ocrx_word' id='word_1_102' title='bbox 792 1822 813 1880; x_wconf 91' lang='lat' dir='ltr'>it</span> <span class='ocrx_word' id='word_1_103' title='bbox 835 1823 927 1881; x_wconf 90' lang='lat' dir='ltr'>victor</span> <span class='ocrx_word' id='word_1_104' title='bbox 950 1821 1053 1884; x_wconf 90' lang='lat' dir='ltr'>iberos</span> 
     </span>
     <span class='ocr_line' id='line_1_17' title="bbox 368 1925 1097 1986; baseline -0.004 0"><span class='ocrx_word' id='word_1_105' title='bbox 368 1925 531 1986; x_wconf 71' lang='lat' dir='ltr'>Sollicitare</span> <span class='ocrx_word' id='word_1_106' title='bbox 554 1942 642 1984; x_wconf 89' lang='lat' dir='ltr'>manu</span> <span class='ocrx_word' id='word_1_107' title='bbox 666 1930 696 1984; x_wconf 88' lang='lat' dir='ltr'>et</span> <span class='ocrx_word' id='word_1_108' title='bbox 717 1930 811 1983; x_wconf 84' lang='lat' dir='ltr'>rastas</span> <span class='ocrx_word' id='word_1_109' title='bbox 834 1925 958 1985; x_wconf 88' lang='lat' dir='ltr'>miscere</span> <span class='ocrx_word' id='word_1_110' title='bbox 981 1925 1097 1985; x_wconf 89' lang='lat' dir='ltr'>ruinas:</span> 
     </span>
     <span class='ocr_line' id='line_1_18' title="bbox 369 2024 1161 2104; baseline -0.004 -16"><span class='ocrx_word' id='word_1_111' title='bbox 369 2027 496 2088; x_wconf 81' lang='lat' dir='ltr'>Celtiber</span> <span class='ocrx_word' id='word_1_112' title='bbox 519 2024 616 2086; x_wconf 85' lang='lat' dir='ltr'>obstat</span> <span class='ocrx_word' id='word_1_113' title='bbox 639 2043 746 2103; x_wconf 85' lang='lat' dir='ltr'>eques,</span> <span class='ocrx_word' id='word_1_114' title='bbox 771 2027 857 2084; x_wconf 90' lang='lat' dir='ltr'>motis</span> <span class='ocrx_word' id='word_1_115' title='bbox 879 2027 952 2104; x_wconf 90' lang='lat' dir='ltr'>petit</span> <span class='ocrx_word' id='word_1_116' title='bbox 974 2025 1044 2086; x_wconf 89' lang='lat' dir='ltr'>ltala</span> <span class='ocrx_word' id='word_1_117' title='bbox 1067 2027 1161 2103; x_wconf 85' lang='lat' dir='ltr'>signis</span> 
     </span>
     <span class='ocr_line' id='line_1_19' title="bbox 368 2127 1279 2208; baseline -0.002 -18"><span class='ocrx_word' id='word_1_118' title='bbox 368 2129 469 2208; x_wconf 85' lang='lat' dir='ltr'>Regna</span> <span class='ocrx_word' id='word_1_119' title='bbox 494 2129 592 2196; x_wconf 64' lang='lat' dir='ltr'>ierom</span> <span class='ocrx_word' id='word_1_120' title='bbox 617 2135 719 2187; x_wconf 89' lang='lat' dir='ltr'>contra</span> <span class='ocrx_word' id='word_1_121' title='bbox 743 2135 786 2188; x_wconf 90' lang='lat' dir='ltr'>est</span> <span class='ocrx_word' id='word_1_122' title='bbox 809 2127 933 2196; x_wconf 88' lang='lat' dir='ltr'>Marius,</span> <span class='ocrx_word' id='word_1_123' title='bbox 958 2128 1023 2188; x_wconf 87' lang='lat' dir='ltr'>data</span> <span class='ocrx_word' id='word_1_124' title='bbox 1047 2129 1131 2206; x_wconf 89' lang='lat' dir='ltr'>copia</span> <span class='ocrx_word' id='word_1_125' title='bbox 1154 2147 1279 2207; x_wconf 70' lang='lat' dir='ltr'>pugnae:</span> 
     </span>
     <span class='ocr_line' id='line_1_20' title="bbox 369 2227 1188 2309; baseline -0.001 -18"><span class='ocrx_word' id='word_1_126' title='bbox 369 2231 440 2303; x_wconf 84' lang='lat' dir='ltr'>Quis</span> <span class='ocrx_word' id='word_1_127' title='bbox 462 2248 521 2290; x_wconf 76' lang='lat' dir='ltr'>urm</span> <span class='ocrx_word' id='word_1_128' title='bbox 544 2229 593 2291; x_wconf 89' lang='lat' dir='ltr'>ille</span> <span class='ocrx_word' id='word_1_129' title='bbox 617 2227 704 2299; x_wconf 81' lang='lat' dir='ltr'>dolia,</span> <span class='ocrx_word' id='word_1_130' title='bbox 728 2247 785 2309; x_wconf 92' lang='lat' dir='ltr'>qua</span> <span class='ocrx_word' id='word_1_131' title='bbox 809 2247 868 2289; x_wconf 92' lang='lat' dir='ltr'>non</span> <span class='ocrx_word' id='word_1_132' title='bbox 891 2248 922 2289; x_wconf 92' lang='lat' dir='ltr'>se</span> <span class='ocrx_word' id='word_1_133' title='bbox 946 2229 1049 2290; x_wconf 81' lang='lat' dir='ltr'>fraude</span> <span class='ocrx_word' id='word_1_134' title='bbox 1072 2236 1188 2299; x_wconf 91' lang='lat' dir='ltr'>tuetur,</span> 
     </span>
    </p>

    <p class='ocr_par' dir='ltr' id='par_1_8' title="bbox 316 2331 1433 2615">
     <span class='ocr_line' id='line_1_21' title="bbox 316 2331 1249 2411; baseline -0.002 -15"><span class='ocrx_word' id='word_1_135' title='bbox 316 2355 354 2396; x_wconf 79' lang='lat' dir='ltr'>aas</span> <span class='ocrx_word' id='word_1_136' title='bbox 370 2333 445 2393; x_wconf 80' lang='lat' dir='ltr'>llum</span> <span class='ocrx_word' id='word_1_137' title='bbox 469 2334 562 2392; x_wconf 83' lang='lat' dir='ltr'>riircat</span> <span class='ocrx_word' id='word_1_138' title='bbox 585 2350 761 2410; x_wconf 82' lang='lat' dir='ltr'>quocunque</span> <span class='ocrx_word' id='word_1_139' title='bbox 785 2331 890 2391; x_wconf 82' lang='lat' dir='ltr'>modo?</span> <span class='ocrx_word' id='word_1_140' title='bbox 913 2351 1002 2411; x_wconf 87' lang='lat' dir='ltr'>quam</span> <span class='ocrx_word' id='word_1_141' title='bbox 1024 2333 1120 2394; x_wconf 83' lang='lat' dir='ltr'>vivere</span> <span class='ocrx_word' id='word_1_142' title='bbox 1143 2334 1249 2395; x_wconf 86' lang='lat' dir='ltr'>eredas</span> 
     </span>
     <span class='ocr_line' id='line_1_22' title="bbox 370 2433 1433 2514; baseline -0.001 -19"><span class='ocrx_word' id='word_1_143' title='bbox 370 2435 500 2495; x_wconf 85' lang='lat' dir='ltr'>Foenrina</span> <span class='ocrx_word' id='word_1_144' title='bbox 523 2434 599 2513; x_wconf 89' lang='lat' dir='ltr'>picta</span> <span class='ocrx_word' id='word_1_145' title='bbox 623 2443 719 2495; x_wconf 80' lang='lat' dir='ltr'>moret</span> <span class='ocrx_word' id='word_1_146' title='bbox 741 2452 856 2514; x_wconf 86' lang='lat' dir='ltr'>pugnas</span> <span class='ocrx_word' id='word_1_147' title='bbox 879 2441 908 2493; x_wconf 93' lang='lat' dir='ltr'>et</span> <span class='ocrx_word' id='word_1_148' title='bbox 929 2436 1027 2495; x_wconf 89' lang='lat' dir='ltr'>nescia</span> <span class='ocrx_word' id='word_1_149' title='bbox 1052 2435 1127 2495; x_wconf 88' lang='lat' dir='ltr'>vinei</span> <span class='ocrx_word' id='word_1_150' title='bbox 1336 2433 1433 2511; x_wconf 54' lang='lat' dir='ltr'>iffi,</span> 
     </span>
     <span class='ocr_line' id='line_1_23' title="bbox 369 2534 1138 2615; baseline -0.001 -19"><span class='ocrx_word' id='word_1_151' title='bbox 369 2536 434 2615; x_wconf 90' lang='lat' dir='ltr'>lpsa</span> <span class='ocrx_word' id='word_1_152' title='bbox 458 2534 514 2595; x_wconf 91' lang='lat' dir='ltr'>sibi</span> <span class='ocrx_word' id='word_1_153' title='bbox 538 2537 640 2595; x_wconf 72' lang='lat' dir='ltr'>victrix</span> <span class='ocrx_word' id='word_1_154' title='bbox 663 2544 789 2595; x_wconf 88' lang='lat' dir='ltr'>mortem</span> <span class='ocrx_word' id='word_1_155' title='bbox 814 2536 970 2596; x_wconf 85' lang='lat' dir='ltr'>consciscit</span> <span class='ocrx_word' id='word_1_156' title='bbox 992 2542 1021 2596; x_wconf 90' lang='lat' dir='ltr'>et</span> <span class='ocrx_word' id='word_1_157' title='bbox 1042 2537 1138 2597; x_wconf 78' lang='lat' dir='ltr'>aufert</span> 
     </span>
    </p>

    <p class='ocr_par' dir='ltr' id='par_1_9' title="bbox 278 2636 1244 2736">
     <span class='ocr_line' id='line_1_24' title="bbox 278 2636 1244 2736; baseline 0 -38"><span class='ocrx_word' id='word_1_158' title='bbox 278 2713 288 2736; x_wconf 41' lang='grc'>1</span> <span class='ocrx_word' id='word_1_159' title='bbox 369 2638 504 2698; x_wconf 84' lang='lat' dir='ltr'>Carceris</span> <span class='ocrx_word' id='word_1_160' title='bbox 526 2636 736 2716; x_wconf 85' lang='lat' dir='ltr'>opprobrium:</span> <span class='ocrx_word' id='word_1_161' title='bbox 760 2645 802 2696; x_wconf 90' lang='lat' dir='ltr'>tot</span> <span class='ocrx_word' id='word_1_162' title='bbox 825 2636 934 2698; x_wconf 86' lang='lat' dir='ltr'>bellum</span> <span class='ocrx_word' id='word_1_163' title='bbox 957 2638 1067 2718; x_wconf 87' lang='lat' dir='ltr'>pendet</span> <span class='ocrx_word' id='word_1_164' title='bbox 1089 2640 1119 2699; x_wconf 92' lang='lat' dir='ltr'>in</span> <span class='ocrx_word' id='word_1_165' title='bbox 1141 2656 1244 2699; x_wconf 88' lang='lat' dir='ltr'>annos.</span> 
     </span>
    </p>
   </div>
   <div class='ocr_carea' id='block_1_5' title="bbox 161 2909 1457 4762">
    <p class='ocr_par' dir='ltr' id='par_1_10' title="bbox 161 2909 1457 4762">
     <span class='ocr_line' id='line_1_25' title="bbox 232 2909 1443 2978; baseline -0.002 -18"><span class='ocrx_word' id='word_1_166' title='bbox 232 2909 264 2943; x_wconf 79' lang='lat'>⁷²¹</span> <span class='ocrx_word' id='word_1_167' title='bbox 284 2913 387 2962; x_wconf 79' lang='lat' dir='ltr'>Lernmo</span> <span class='ocrx_word' id='word_1_168' title='bbox 405 2927 452 2960; x_wconf 87' lang='lat' dir='ltr'>om.</span> <span class='ocrx_word' id='word_1_169' title='bbox 468 2913 492 2960; x_wconf 82' lang='lat'>3.</span> <span class='ocrx_word' id='word_1_170' title='bbox 560 2909 692 2973; x_wconf 85' lang='lat' dir='ltr'>Cymbros</span> <span class='ocrx_word' id='word_1_171' title='bbox 712 2912 770 2959; x_wconf 76' lang='lat'><em>3.5‚</em></span> <span class='ocrx_word' id='word_1_172' title='bbox 829 2925 930 2972; x_wconf 67' lang='lat' dir='ltr'>„neam</span> <span class='ocrx_word' id='word_1_173' title='bbox 946 2925 1047 2960; x_wconf 89' lang='lat' dir='ltr'>annum</span> <span class='ocrx_word' id='word_1_174' title='bbox 1064 2910 1130 2961; x_wconf 85' lang='lat' dir='ltr'>urbs</span> <span class='ocrx_word' id='word_1_175' title='bbox 1148 2915 1246 2961; x_wconf 79' lang='lat' dir='ltr'>nostra</span> <span class='ocrx_word' id='word_1_176' title='bbox 1264 2912 1379 2978; x_wconf 83' lang='lat' dir='ltr'>agebat,</span> <span class='ocrx_word' id='word_1_177' title='bbox 1396 2923 1443 2960; x_wconf 86' lang='lat' dir='ltr'>eum</span> 
     </span>
     <span class='ocr_line' id='line_1_26' title="bbox 164 2995 1445 3063; baseline -0.003 -16"><span class='ocrx_word' id='word_1_178' title='bbox 164 2998 279 3063; x_wconf 89' lang='lat' dir='ltr'>primum</span> <span class='ocrx_word' id='word_1_179' title='bbox 299 2997 470 3059; x_wconf 81' lang='lat' dir='ltr'>Cimbrorum</span> <span class='ocrx_word' id='word_1_180' title='bbox 489 2995 586 3045; x_wconf 85' lang='lat' dir='ltr'>audita</span> <span class='ocrx_word' id='word_1_181' title='bbox 604 3000 667 3044; x_wconf 90' lang='lat' dir='ltr'>sunt</span> <span class='ocrx_word' id='word_1_182' title='bbox 686 3011 762 3043; x_wconf 84' lang='lat' dir='ltr'>arma</span> <span class='ocrx_word' id='word_1_183' title='bbox 817 3000 847 3044; x_wconf 87' lang='lat' dir='ltr'>ot</span> <span class='ocrx_word' id='word_1_184' title='bbox 866 2995 995 3044; x_wconf 81' lang='lat' dir='ltr'>Germani</span> <span class='ocrx_word' id='word_1_185' title='bbox 1008 2995 1135 3045; x_wconf 83' lang='lat' dir='ltr'>Carbone</span> <span class='ocrx_word' id='word_1_186' title='bbox 1154 3000 1183 3045; x_wconf 85' lang='lat' dir='ltr'>at</span> <span class='ocrx_word' id='word_1_187' title='bbox 1201 2995 1300 3046; x_wconf 84' lang='lat' dir='ltr'>Cassio</span> <span class='ocrx_word' id='word_1_188' title='bbox 1320 3003 1347 3046; x_wconf 90' lang='lat' dir='ltr'>et</span> <span class='ocrx_word' id='word_1_189' title='bbox 1361 2996 1445 3046; x_wconf 81' lang='lat' dir='ltr'>Scauro</span> 
     </span>
     <span class='ocr_line' id='line_1_27' title="bbox 164 3079 1446 3145; baseline -0.002 -15"><span class='ocrx_word' id='word_1_190' title='bbox 164 3081 277 3132; x_wconf 76' lang='lat' dir='ltr'>Aurelio</span> <span class='ocrx_word' id='word_1_191' title='bbox 297 3087 325 3131; x_wconf 89' lang='lat' dir='ltr'>et</span> <span class='ocrx_word' id='word_1_192' title='bbox 338 3081 456 3131; x_wconf 83' lang='lat' dir='ltr'>Servilio</span> <span class='ocrx_word' id='word_1_193' title='bbox 470 3080 609 3145; x_wconf 77' lang='lat' dir='ltr'>Caepione,</span> <span class='ocrx_word' id='word_1_194' title='bbox 630 3080 666 3129; x_wconf 89' lang='lat' dir='ltr'>bl.</span> <span class='ocrx_word' id='word_1_195' title='bbox 681 3094 788 3144; x_wconf 90' lang='lat' dir='ltr'>queque</span> <span class='ocrx_word' id='word_1_196' title='bbox 802 3080 905 3129; x_wconf 84' lang='lat' dir='ltr'>Manlio</span> <span class='ocrx_word' id='word_1_197' title='bbox 920 3079 988 3129; x_wconf 82' lang='lat' dir='ltr'>susis</span> <span class='ocrx_word' id='word_1_198' title='bbox 1001 3080 1046 3130; x_wconf 89' lang='lat' dir='ltr'>vel</span> <span class='ocrx_word' id='word_1_199' title='bbox 1059 3083 1150 3145; x_wconf 87' lang='lat' dir='ltr'>captis</span> <span class='ocrx_word' id='word_1_200' title='bbox 1163 3080 1187 3130; x_wconf 91' lang='lat' dir='ltr'>V</span> <span class='ocrx_word' id='word_1_201' title='bbox 1200 3081 1280 3131; x_wconf 83' lang='lat' dir='ltr'>simul</span> <span class='ocrx_word' id='word_1_202' title='bbox 1294 3080 1446 3132; x_wconf 81' lang='lat' dir='ltr'>consularaia</span> 
     </span>
     <span class='ocr_line' id='line_1_28' title="bbox 165 3165 1447 3233; baseline -0.002 -18"><span class='ocrx_word' id='word_1_203' title='bbox 165 3167 302 3216; x_wconf 86' lang='lat' dir='ltr'>exercitus</span> <span class='ocrx_word' id='word_1_204' title='bbox 319 3166 420 3233; x_wconf 89' lang='lat' dir='ltr'>populo</span> <span class='ocrx_word' id='word_1_205' title='bbox 433 3168 519 3225; x_wconf 81' lang='lat' dir='ltr'>Rom,</span> <span class='ocrx_word' id='word_1_206' title='bbox 539 3166 562 3215; x_wconf 86' lang='lat' dir='ltr'>V</span> <span class='ocrx_word' id='word_1_207' title='bbox 565 3179 640 3213; x_wconf 87' lang='lat' dir='ltr'>arum</span> <span class='ocrx_word' id='word_1_208' title='bbox 660 3170 769 3228; x_wconf 84' lang='lat' dir='ltr'>tresque</span> <span class='ocrx_word' id='word_1_209' title='bbox 788 3179 848 3213; x_wconf 89' lang='lat' dir='ltr'>enm</span> <span class='ocrx_word' id='word_1_210' title='bbox 863 3180 895 3213; x_wconf 92' lang='lat' dir='ltr'>eo</span> <span class='ocrx_word' id='word_1_211' title='bbox 908 3165 1033 3229; x_wconf 84' lang='lat' dir='ltr'>legiones</span> <span class='ocrx_word' id='word_1_212' title='bbox 1046 3165 1130 3214; x_wconf 88' lang='lat' dir='ltr'>etiam</span> <span class='ocrx_word' id='word_1_213' title='bbox 1143 3165 1250 3216; x_wconf 82' lang='lat' dir='ltr'>Coeaari</span> <span class='ocrx_word' id='word_1_214' title='bbox 1264 3166 1447 3216; x_wconf 69' lang='lat' dir='ltr'>abstuleruutl·</span> 
     </span>
     <span class='ocr_line' id='line_1_29' title="bbox 169 3249 1448 3315; baseline -0.002 -15"><span class='ocrx_word' id='word_1_215' title='bbox 169 3251 229 3301; x_wconf 83' lang='lat' dir='ltr'>Tae.</span> <span class='ocrx_word' id='word_1_216' title='bbox 244 3250 335 3301; x_wconf 87' lang='lat' dir='ltr'>Germ.</span> <span class='ocrx_word' id='word_1_217' title='bbox 349 3249 390 3301; x_wconf 79' lang='lat'>37.</span> <span class='ocrx_word' id='word_1_218' title='bbox 460 3249 494 3282; x_wconf 73' lang='lat'>⁷²⁵</span> <span class='ocrx_word' id='word_1_219' title='bbox 512 3250 596 3300; x_wconf 86' lang='lat' dir='ltr'>Bolus</span> <span class='ocrx_word' id='word_1_220' title='bbox 614 3266 706 3300; x_wconf 80' lang='lat' dir='ltr'>oroneo.</span> <span class='ocrx_word' id='word_1_221' title='bbox 720 3258 745 3299; x_wconf 85' lang='lat' dir='ltr'>ct</span> <span class='ocrx_word' id='word_1_222' title='bbox 762 3254 799 3299; x_wconf 82' lang='lat' dir='ltr'>sic</span> <span class='ocrx_word' id='word_1_223' title='bbox 817 3249 944 3298; x_wconf 77' lang='lat' dir='ltr'>Huttcnur</span> <span class='ocrx_word' id='word_1_224' title='bbox 961 3251 1080 3315; x_wconf 82' lang='lat' dir='ltr'>scripsit:</span> <span class='ocrx_word' id='word_1_225' title='bbox 1103 3256 1163 3300; x_wconf 84' lang='lat' dir='ltr'>ante</span> <span class='ocrx_word' id='word_1_226' title='bbox 1180 3251 1377 3302; x_wconf 61' lang='lat' dir='ltr'>mereremur·</span> <span class='ocrx_word' id='word_1_227' title='bbox 1397 3253 1448 3300; x_wconf 72' lang='lat' dir='ltr'>rain</span> 
     </span>
     <span class='ocr_line' id='line_1_30' title="bbox 161 3334 1449 3401; baseline 0 -18"><span class='ocrx_word' id='word_1_228' title='bbox 161 3351 213 3400; x_wconf 80' lang='lat' dir='ltr'>pro</span> <span class='ocrx_word' id='word_1_229' title='bbox 231 3335 363 3401; x_wconf 83' lang='lat' dir='ltr'>Boiorige</span> <span class='ocrx_word' id='word_1_230' title='bbox 382 3336 515 3400; x_wconf 77' lang='lat' dir='ltr'>tegebatur</span> <span class='ocrx_word' id='word_1_231' title='bbox 532 3335 599 3385; x_wconf 87' lang='lat' dir='ltr'>Belo</span> <span class='ocrx_word' id='word_1_232' title='bbox 619 3351 684 3400; x_wconf 88' lang='lat' dir='ltr'>rege</span> <span class='ocrx_word' id='word_1_233' title='bbox 704 3337 729 3384; x_wconf 79' lang='lat' dir='ltr'>in</span> <span class='ocrx_word' id='word_1_234' title='bbox 748 3334 818 3398; x_wconf 84' lang='lat' dir='ltr'>Epit.</span> <span class='ocrx_word' id='word_1_235' title='bbox 835 3335 889 3383; x_wconf 84' lang='lat' dir='ltr'>Lie.</span> <span class='ocrx_word' id='word_1_236' title='bbox 904 3335 1015 3384; x_wconf 81' lang='lat' dir='ltr'>nxvn.</span> <span class='ocrx_word' id='word_1_237' title='bbox 1031 3334 1087 3395; x_wconf 81' lang='lat' dir='ltr'><strong>‚‚M.</strong></span> <span class='ocrx_word' id='word_1_238' title='bbox 1100 3335 1228 3386; x_wconf 79' lang='lat' dir='ltr'>Aurelius</span> <span class='ocrx_word' id='word_1_239' title='bbox 1247 3336 1369 3387; x_wconf 79' lang='lat' dir='ltr'>Scaurus</span> <span class='ocrx_word' id='word_1_240' title='bbox 1385 3336 1449 3400; x_wconf 85' lang='lat' dir='ltr'>lega·</span> 
     </span>
     <span class='ocr_line' id='line_1_31' title="bbox 165 3418 1450 3484; baseline -0.002 -14"><span class='ocrx_word' id='word_1_241' title='bbox 165 3426 210 3471; x_wconf 87' lang='lat' dir='ltr'>tua</span> <span class='ocrx_word' id='word_1_242' title='bbox 229 3421 350 3472; x_wconf 80' lang='lat' dir='ltr'>consulis</span> <span class='ocrx_word' id='word_1_243' title='bbox 370 3437 387 3470; x_wconf 86' lang='lat' dir='ltr'>a</span> <span class='ocrx_word' id='word_1_244' title='bbox 406 3420 525 3471; x_wconf 89' lang='lat' dir='ltr'>Cimbris</span> <span class='ocrx_word' id='word_1_245' title='bbox 545 3421 606 3470; x_wconf 86' lang='lat' dir='ltr'>suso</span> <span class='ocrx_word' id='word_1_246' title='bbox 625 3420 748 3469; x_wconf 80' lang='lat' dir='ltr'>exercitu</span> <span class='ocrx_word' id='word_1_247' title='bbox 768 3424 865 3484; x_wconf 87' lang='lat' dir='ltr'>eaptus</span> <span class='ocrx_word' id='word_1_248' title='bbox 885 3424 941 3481; x_wconf 84' lang='lat' dir='ltr'>eat,</span> <span class='ocrx_word' id='word_1_249' title='bbox 962 3425 1069 3469; x_wconf 89' lang='lat' dir='ltr'>etcum</span> <span class='ocrx_word' id='word_1_250' title='bbox 1089 3420 1117 3469; x_wconf 89' lang='lat' dir='ltr'>in</span> <span class='ocrx_word' id='word_1_251' title='bbox 1136 3419 1282 3471; x_wconf 81' lang='lat' dir='ltr'>consilinm</span> <span class='ocrx_word' id='word_1_252' title='bbox 1302 3421 1338 3471; x_wconf 92' lang='lat' dir='ltr'>ab</span> <span class='ocrx_word' id='word_1_253' title='bbox 1358 3422 1396 3471; x_wconf 89' lang='lat' dir='ltr'>eia</span> <span class='ocrx_word' id='word_1_254' title='bbox 1412 3418 1450 3468; x_wconf 87' lang='lat' dir='ltr'>ad·</span> 
     </span>
     <span class='ocr_line' id='line_1_32' title="bbox 165 3504 1451 3570; baseline -0.001 -15"><span class='ocrx_word' id='word_1_255' title='bbox 165 3512 280 3557; x_wconf 82' lang='lat' dir='ltr'>vocatus</span> <span class='ocrx_word' id='word_1_256' title='bbox 298 3506 453 3557; x_wconf 85' lang='lat' dir='ltr'>deterreret</span> <span class='ocrx_word' id='word_1_257' title='bbox 472 3522 573 3556; x_wconf 87' lang='lat' dir='ltr'>eosne</span> <span class='ocrx_word' id='word_1_258' title='bbox 592 3504 675 3568; x_wconf 80' lang='lat' dir='ltr'>Alpes</span> <span class='ocrx_word' id='word_1_259' title='bbox 695 3507 846 3553; x_wconf 85' lang='lat' dir='ltr'>transirent</span> <span class='ocrx_word' id='word_1_260' title='bbox 864 3504 976 3553; x_wconf 88' lang='lat' dir='ltr'>Italiam</span> <span class='ocrx_word' id='word_1_261' title='bbox 995 3505 1122 3568; x_wconf 86' lang='lat' dir='ltr'>petituri,</span> <span class='ocrx_word' id='word_1_262' title='bbox 1144 3519 1176 3554; x_wconf 88' lang='lat' dir='ltr'>eo</span> <span class='ocrx_word' id='word_1_263' title='bbox 1196 3506 1268 3570; x_wconf 87' lang='lat' dir='ltr'>quod</span> <span class='ocrx_word' id='word_1_264' title='bbox 1286 3506 1392 3557; x_wconf 84' lang='lat' dir='ltr'>diceret</span> <span class='ocrx_word' id='word_1_265' title='bbox 1408 3505 1451 3554; x_wconf 71' lang='lat' dir='ltr'>no</span> 
     </span>
     <span class='ocr_line' id='line_1_33' title="bbox 164 3589 1453 3656; baseline -0.002 -16"><span class='ocrx_word' id='word_1_266' title='bbox 164 3606 260 3641; x_wconf 88' lang='lat' dir='ltr'>manos</span> <span class='ocrx_word' id='word_1_267' title='bbox 279 3592 355 3643; x_wconf 91' lang='lat' dir='ltr'>vinei</span> <span class='ocrx_word' id='word_1_268' title='bbox 373 3607 427 3641; x_wconf 91' lang='lat' dir='ltr'>nou</span> <span class='ocrx_word' id='word_1_269' title='bbox 445 3606 541 3656; x_wconf 83' lang='lat' dir='ltr'>posse,</span> <span class='ocrx_word' id='word_1_270' title='bbox 566 3607 583 3639; x_wconf 90' lang='lat' dir='ltr'>a</span> <span class='ocrx_word' id='word_1_271' title='bbox 601 3590 744 3653; x_wconf 78' lang='lat' dir='ltr'>Boiorige,</span> <span class='ocrx_word' id='word_1_272' title='bbox 770 3589 857 3638; x_wconf 82' lang='lat' dir='ltr'>feroci</span> <span class='ocrx_word' id='word_1_273' title='bbox 876 3591 975 3638; x_wconf 86' lang='lat' dir='ltr'>iurene</span> <span class='ocrx_word' id='word_1_274' title='bbox 994 3590 1105 3639; x_wconf 84' lang='lat' dir='ltr'>occisus</span> <span class='ocrx_word' id='word_1_275' title='bbox 1124 3594 1175 3639; x_wconf 87' lang='lat' dir='ltr'>eet.</span> <span class='ocrx_word' id='word_1_276' title='bbox 1212 3590 1248 3640; x_wconf 84' lang='lat' dir='ltr'>ab</span> <span class='ocrx_word' id='word_1_277' title='bbox 1274 3591 1361 3641; x_wconf 81' lang='lat' dir='ltr'>iadem</span> <span class='ocrx_word' id='word_1_278' title='bbox 1379 3589 1453 3641; x_wconf 80' lang='lat' dir='ltr'>boati·</span> 
     </span>
     <span class='ocr_line' id='line_1_34' title="bbox 164 3659 1452 3741; baseline -0.002 -17"><span class='ocrx_word' id='word_1_279' title='bbox 164 3659 282 3726; x_wconf 72' lang='lat' dir='ltr'>buan.</span> <span class='ocrx_word' id='word_1_280' title='bbox 301 3676 424 3726; x_wconf 88' lang='lat' dir='ltr'>Manlius</span> <span class='ocrx_word' id='word_1_281' title='bbox 449 3691 504 3725; x_wconf 81' lang='lat' dir='ltr'>eos.</span> <span class='ocrx_word' id='word_1_282' title='bbox 526 3679 554 3725; x_wconf 89' lang='lat' dir='ltr'>et</span> <span class='ocrx_word' id='word_1_283' title='bbox 573 3675 606 3736; x_wconf 84' lang='lat' dir='ltr'>Q.</span> <span class='ocrx_word' id='word_1_284' title='bbox 622 3673 755 3725; x_wconf 81' lang='lat' dir='ltr'>Servilius</span> <span class='ocrx_word' id='word_1_285' title='bbox 776 3673 870 3738; x_wconf 84' lang='lat' dir='ltr'>Caepio</span> <span class='ocrx_word' id='word_1_286' title='bbox 893 3690 999 3740; x_wconf 86' lang='lat' dir='ltr'>procos.</span> <span class='ocrx_word' id='word_1_287' title='bbox 1020 3675 1089 3724; x_wconf 84' lang='lat' dir='ltr'>vieti</span> <span class='ocrx_word' id='word_1_288' title='bbox 1112 3675 1212 3741; x_wconf 73' lang='lat' dir='ltr'>praelio</span> <span class='ocrx_word' id='word_1_289' title='bbox 1235 3677 1339 3727; x_wconf 80' lang='lat' dir='ltr'>eastris</span> <span class='ocrx_word' id='word_1_290' title='bbox 1357 3688 1452 3741; x_wconf 84' lang='lat' dir='ltr'>qnoque</span> 
     </span>
     <span class='ocr_line' id='line_1_35' title="bbox 165 3758 1456 3825; baseline 0 -17"><span class='ocrx_word' id='word_1_291' title='bbox 165 3759 239 3810; x_wconf 81' lang='lat' dir='ltr'>binis</span> <span class='ocrx_word' id='word_1_292' title='bbox 264 3762 339 3811; x_wconf 83' lang='lat' dir='ltr'>exuti</span> <span class='ocrx_word' id='word_1_293' title='bbox 363 3766 440 3817; x_wconf 88' lang='lat' dir='ltr'>sunt,</span> <span class='ocrx_word' id='word_1_294' title='bbox 471 3760 587 3810; x_wconf 92' lang='lat' dir='ltr'>militum</span> <span class='ocrx_word' id='word_1_295' title='bbox 611 3759 689 3808; x_wconf 90' lang='lat' dir='ltr'>milia</span> <span class='ocrx_word' id='word_1_296' title='bbox 714 3759 858 3825; x_wconf 85' lang='lat' dir='ltr'>octoginta</span> <span class='ocrx_word' id='word_1_297' title='bbox 887 3761 996 3820; x_wconf 83' lang='lat' dir='ltr'>oeeian,</span> <span class='ocrx_word' id='word_1_298' title='bbox 1026 3758 1153 3809; x_wconf 87' lang='lat' dir='ltr'>calonum</span> <span class='ocrx_word' id='word_1_299' title='bbox 1178 3766 1206 3810; x_wconf 87' lang='lat' dir='ltr'>et</span> <span class='ocrx_word' id='word_1_300' title='bbox 1228 3760 1348 3811; x_wconf 82' lang='lat' dir='ltr'>lixarum</span> <span class='ocrx_word' id='word_1_301' title='bbox 1367 3777 1401 3810; x_wconf 78' lang='lat' dir='ltr'>xe</span> <span class='ocrx_word' id='word_1_302' title='bbox 1421 3774 1456 3808; x_wconf 82' lang='lat' dir='ltr'>ae·</span> 
     </span>
     <span class='ocr_line' id='line_1_36' title="bbox 166 3841 1453 3910; baseline -0.001 -17"><span class='ocrx_word' id='word_1_303' title='bbox 166 3846 283 3895; x_wconf 89' lang='lat' dir='ltr'>cundum</span> <span class='ocrx_word' id='word_1_304' title='bbox 301 3846 482 3895; x_wconf 72' lang='lat' dir='ltr'>drausionem</span> <span class='ocrx_word' id='word_1_305' title='bbox 496 3848 541 3893; x_wconf 90' lang='grc'>...”</span> <span class='ocrx_word' id='word_1_306' title='bbox 561 3843 604 3893; x_wconf 80' lang='lat' dir='ltr'>Cf.</span> <span class='ocrx_word' id='word_1_307' title='bbox 619 3845 738 3909; x_wconf 87' lang='lat' dir='ltr'>interpp.</span> <span class='ocrx_word' id='word_1_308' title='bbox 753 3845 786 3893; x_wconf 84' lang='lat' dir='ltr'>ad</span> <span class='ocrx_word' id='word_1_309' title='bbox 805 3844 831 3894; x_wconf 88' lang='lat' dir='ltr'>h.</span> <span class='ocrx_word' id='word_1_310' title='bbox 844 3844 861 3894; x_wconf 93' lang='grc'>1.</span> <span class='ocrx_word' id='word_1_311' title='bbox 914 3842 948 3875; x_wconf 77' lang='lat'>⁷²⁶</span> <span class='ocrx_word' id='word_1_312' title='bbox 966 3848 1050 3910; x_wconf 87' lang='lat' dir='ltr'>tymp.</span> <span class='ocrx_word' id='word_1_313' title='bbox 1063 3841 1154 3910; x_wconf 87' lang='lat' dir='ltr'>pulsu]</span> <span class='ocrx_word' id='word_1_314' title='bbox 1175 3845 1211 3894; x_wconf 83' lang='lat' dir='ltr'>ef.</span> <span class='ocrx_word' id='word_1_315' title='bbox 1225 3843 1374 3896; x_wconf 72' lang='lat' dir='ltr'>claudian.</span> <span class='ocrx_word' id='word_1_316' title='bbox 1388 3858 1453 3896; x_wconf 81' lang='lat' dir='ltr'>eous.</span> 
     </span>
     <span class='ocr_line' id='line_1_37' title="bbox 165 3926 1453 3994; baseline 0 -16"><span class='ocrx_word' id='word_1_317' title='bbox 165 3929 255 3980; x_wconf 86' lang='lat' dir='ltr'>Stilic.</span> <span class='ocrx_word' id='word_1_318' title='bbox 270 3932 360 3983; x_wconf 81' lang='lat' dir='ltr'>111.v.</span> <span class='ocrx_word' id='word_1_319' title='bbox 376 3928 433 3981; x_wconf 72' lang='lat'>364.</span> <span class='ocrx_word' id='word_1_320' title='bbox 449 3945 488 3994; x_wconf 85' lang='lat' dir='ltr'>sq.</span> <span class='ocrx_word' id='word_1_321' title='bbox 541 3927 575 3959; x_wconf 83' lang='lat'>⁷²⁷</span> <span class='ocrx_word' id='word_1_322' title='bbox 594 3928 683 3982; x_wconf 88' lang='lat' dir='ltr'>Germ.</span> <span class='ocrx_word' id='word_1_323' title='bbox 698 3931 754 3981; x_wconf 89' lang='lat' dir='ltr'>inv.</span> <span class='ocrx_word' id='word_1_324' title='bbox 767 3926 815 3993; x_wconf 79' lang='lat' dir='ltr'>bl]</span> <span class='ocrx_word' id='word_1_325' title='bbox 835 3931 853 3977; x_wconf 91' lang='lat' dir='ltr'>i.</span> <span class='ocrx_word' id='word_1_326' title='bbox 869 3945 891 3978; x_wconf 91' lang='lat' dir='ltr'>e.</span> <span class='ocrx_word' id='word_1_327' title='bbox 906 3945 960 3978; x_wconf 91' lang='lat' dir='ltr'>non</span> <span class='ocrx_word' id='word_1_328' title='bbox 975 3929 1184 3989; x_wconf 84' lang='lat' dir='ltr'>Germanorum,</span> <span class='ocrx_word' id='word_1_329' title='bbox 1206 3930 1255 3980; x_wconf 87' lang='lat' dir='ltr'>sed</span> <span class='ocrx_word' id='word_1_330' title='bbox 1268 3933 1377 3993; x_wconf 80' lang='lat' dir='ltr'>Martia,</span> <span class='ocrx_word' id='word_1_331' title='bbox 1397 3931 1453 3981; x_wconf 86' lang='lat' dir='ltr'>Ger·</span> 
     </span>
     <span class='ocr_line' id='line_1_38' title="bbox 165 4013 1455 4080; baseline 0 -16"><span class='ocrx_word' id='word_1_332' title='bbox 165 4030 306 4065; x_wconf 86' lang='lat' dir='ltr'>manorum</span> <span class='ocrx_word' id='word_1_333' title='bbox 330 4016 388 4076; x_wconf 85' lang='lat' dir='ltr'>dei,</span> <span class='ocrx_word' id='word_1_334' title='bbox 414 4015 565 4064; x_wconf 89' lang='lat' dir='ltr'>inventum.</span> <span class='ocrx_word' id='word_1_335' title='bbox 597 4013 726 4064; x_wconf 87' lang='lat' dir='ltr'>Ceterum</span> <span class='ocrx_word' id='word_1_336' title='bbox 751 4019 862 4063; x_wconf 87' lang='lat' dir='ltr'>eonatat</span> <span class='ocrx_word' id='word_1_337' title='bbox 878 4015 1047 4079; x_wconf 79' lang='lat' dir='ltr'>praecipuum</span> <span class='ocrx_word' id='word_1_338' title='bbox 1066 4019 1257 4080; x_wconf 85' lang='lat' dir='ltr'>tympanorum</span> <span class='ocrx_word' id='word_1_339' title='bbox 1275 4032 1355 4067; x_wconf 83' lang='lat' dir='ltr'>naum</span> <span class='ocrx_word' id='word_1_340' title='bbox 1374 4019 1401 4067; x_wconf 90' lang='lat' dir='ltr'>in</span> <span class='ocrx_word' id='word_1_341' title='bbox 1417 4030 1455 4066; x_wconf 86' lang='lat' dir='ltr'>aa·</span> 
     </span>
     <span class='ocr_line' id='line_1_39' title="bbox 166 4097 1454 4163; baseline 0.002 -16"><span class='ocrx_word' id='word_1_342' title='bbox 166 4099 220 4147; x_wconf 84' lang='lat' dir='ltr'>cria</span> <span class='ocrx_word' id='word_1_343' title='bbox 233 4100 332 4148; x_wconf 86' lang='lat' dir='ltr'>Matris</span> <span class='ocrx_word' id='word_1_344' title='bbox 351 4100 430 4150; x_wconf 82' lang='lat' dir='ltr'>doum</span> <span class='ocrx_word' id='word_1_345' title='bbox 451 4101 546 4149; x_wconf 84' lang='lat' dir='ltr'>fuisse.</span> <span class='ocrx_word' id='word_1_346' title='bbox 601 4099 776 4163; x_wconf 67' lang='lat' dir='ltr'>Cymbrimd.</span> <span class='ocrx_word' id='word_1_347' title='bbox 830 4098 862 4129; x_wconf 80' lang='lat'>⁷²⁹</span> <span class='ocrx_word' id='word_1_348' title='bbox 882 4097 1041 4163; x_wconf 84' lang='lat' dir='ltr'>Cepioedd.</span> <span class='ocrx_word' id='word_1_349' title='bbox 1087 4099 1121 4131; x_wconf 80' lang='lat'>⁷³⁰</span> <span class='ocrx_word' id='word_1_350' title='bbox 1140 4100 1357 4152; x_wconf 74' lang='lat' dir='ltr'>circumfusae.</span> <span class='ocrx_word' id='word_1_351' title='bbox 1403 4101 1454 4152; x_wconf 88' lang='lat' dir='ltr'>lbe-</span> 
     </span>
     <span class='ocr_line' id='line_1_40' title="bbox 165 4179 1456 4253; baseline 0.002 -22"><span class='ocrx_word' id='word_1_352' title='bbox 165 4179 220 4249; x_wconf 86' lang='lat' dir='ltr'>roa]</span> <span class='ocrx_word' id='word_1_353' title='bbox 242 4184 298 4233; x_wconf 81' lang='lat' dir='ltr'>Lio.</span> <span class='ocrx_word' id='word_1_354' title='bbox 313 4200 355 4249; x_wconf 90' lang='lat' dir='ltr'>ep.</span> <span class='ocrx_word' id='word_1_355' title='bbox 370 4185 385 4233; x_wconf 85' lang='lat' dir='ltr'>l.</span> <span class='ocrx_word' id='word_1_356' title='bbox 402 4202 424 4234; x_wconf 89' lang='lat' dir='ltr'>e.</span> <span class='ocrx_word' id='word_1_357' title='bbox 451 4184 577 4246; x_wconf 82' lang='lat' dir='ltr'>„Cimbri</span> <span class='ocrx_word' id='word_1_358' title='bbox 599 4184 718 4233; x_wconf 85' lang='lat' dir='ltr'>vastatis</span> <span class='ocrx_word' id='word_1_359' title='bbox 743 4184 869 4233; x_wconf 89' lang='lat' dir='ltr'>omnibus</span> <span class='ocrx_word' id='word_1_360' title='bbox 894 4200 954 4249; x_wconf 89' lang='lat' dir='ltr'>quae</span> <span class='ocrx_word' id='word_1_361' title='bbox 978 4185 1051 4234; x_wconf 89' lang='lat' dir='ltr'>inter</span> <span class='ocrx_word' id='word_1_362' title='bbox 1068 4183 1230 4235; x_wconf 86' lang='lat' dir='ltr'>Rhodanum</span> <span class='ocrx_word' id='word_1_363' title='bbox 1255 4192 1284 4236; x_wconf 88' lang='lat' dir='ltr'>et</span> <span class='ocrx_word' id='word_1_364' title='bbox 1302 4189 1456 4253; x_wconf 85' lang='lat' dir='ltr'>Pyrenaeum</span> 
     </span>
     <span class='ocr_line' id='line_1_41' title="bbox 165 4266 1455 4337; baseline 0.003 -22"><span class='ocrx_word' id='word_1_365' title='bbox 165 4266 243 4330; x_wconf 79' lang='lat' dir='ltr'>erint,</span> <span class='ocrx_word' id='word_1_366' title='bbox 268 4285 318 4334; x_wconf 90' lang='lat' dir='ltr'>per</span> <span class='ocrx_word' id='word_1_367' title='bbox 339 4268 440 4320; x_wconf 88' lang='lat' dir='ltr'>saltum</span> <span class='ocrx_word' id='word_1_368' title='bbox 464 4271 492 4319; x_wconf 91' lang='lat' dir='ltr'>in</span> <span class='ocrx_word' id='word_1_369' title='bbox 510 4269 677 4334; x_wconf 85' lang='lat' dir='ltr'>Hispaniam</span> <span class='ocrx_word' id='word_1_370' title='bbox 701 4271 867 4334; x_wconf 83' lang='lat' dir='ltr'>transgressi</span> <span class='ocrx_word' id='word_1_371' title='bbox 891 4270 985 4335; x_wconf 88' lang='lat' dir='ltr'>ibique</span> <span class='ocrx_word' id='word_1_372' title='bbox 1009 4269 1096 4320; x_wconf 89' lang='lat' dir='ltr'>multa</span> <span class='ocrx_word' id='word_1_373' title='bbox 1114 4269 1177 4321; x_wconf 91' lang='lat' dir='ltr'>loca</span> <span class='ocrx_word' id='word_1_374' title='bbox 1195 4271 1325 4337; x_wconf 88' lang='lat' dir='ltr'>populati</span> <span class='ocrx_word' id='word_1_375' title='bbox 1344 4288 1361 4322; x_wconf 85' lang='lat' dir='ltr'>a</span> <span class='ocrx_word' id='word_1_376' title='bbox 1380 4270 1455 4323; x_wconf 88' lang='lat' dir='ltr'>Celti-</span> 
     </span>
     <span class='ocr_line' id='line_1_42' title="bbox 165 4351 1455 4418; baseline 0.005 -19"><span class='ocrx_word' id='word_1_377' title='bbox 165 4351 241 4401; x_wconf 85' lang='lat' dir='ltr'>beria</span> <span class='ocrx_word' id='word_1_378' title='bbox 266 4353 356 4418; x_wconf 88' lang='lat' dir='ltr'>fugati</span> <span class='ocrx_word' id='word_1_379' title='bbox 379 4360 456 4411; x_wconf 76' lang='lat' dir='ltr'>suut.</span> <span class='ocrx_word' id='word_1_380' title='bbox 479 4356 640 4418; x_wconf 85' lang='lat' dir='ltr'>reversique</span> <span class='ocrx_word' id='word_1_381' title='bbox 664 4355 692 4402; x_wconf 91' lang='lat' dir='ltr'>in</span> <span class='ocrx_word' id='word_1_382' title='bbox 712 4352 830 4403; x_wconf 85' lang='lat' dir='ltr'>Galliam</span> <span class='ocrx_word' id='word_1_383' title='bbox 855 4356 884 4404; x_wconf 90' lang='lat' dir='ltr'>in</span> <span class='ocrx_word' id='word_1_384' title='bbox 908 4354 975 4404; x_wconf 91' lang='lat' dir='ltr'>belli</span> <span class='ocrx_word' id='word_1_385' title='bbox 1000 4371 1081 4405; x_wconf 83' lang='lat' dir='ltr'>casus</span> <span class='ocrx_word' id='word_1_386' title='bbox 1105 4371 1135 4406; x_wconf 83' lang='lat' dir='ltr'>aa</span> <span class='ocrx_word' id='word_1_387' title='bbox 1154 4356 1293 4407; x_wconf 83' lang='lat' dir='ltr'>Teutonis</span> <span class='ocrx_word' id='word_1_388' title='bbox 1317 4359 1455 4408; x_wconf 86' lang='lat' dir='ltr'>coniunxe-</span> 
     </span>
     <span class='ocr_line' id='line_1_43' title="bbox 165 4437 1455 4509; baseline 0.006 -26"><span class='ocrx_word' id='word_1_389' title='bbox 165 4440 246 4485; x_wconf 86' lang='lat' dir='ltr'>runt&#39;&#39;</span> <span class='ocrx_word' id='word_1_390' title='bbox 261 4437 307 4487; x_wconf 69' lang='grc' dir='ltr'>.οῇ</span> <span class='ocrx_word' id='word_1_391' title='bbox 322 4439 373 4489; x_wconf 84' lang='lat' dir='ltr'>lul.</span> <span class='ocrx_word' id='word_1_392' title='bbox 388 4439 478 4506; x_wconf 81' lang='lat' dir='ltr'>Obseq.</span> <span class='ocrx_word' id='word_1_393' title='bbox 492 4440 575 4489; x_wconf 86' lang='lat' dir='ltr'>Prod.</span> <span class='ocrx_word' id='word_1_394' title='bbox 587 4438 635 4487; x_wconf 91' lang='lat' dir='ltr'>lib.</span> <span class='ocrx_word' id='word_1_395' title='bbox 651 4454 673 4488; x_wconf 91' lang='lat' dir='ltr'>e.</span> <span class='ocrx_word' id='word_1_396' title='bbox 688 4437 730 4488; x_wconf 76' lang='lat'>43.</span> <span class='ocrx_word' id='word_1_397' title='bbox 744 4439 875 4491; x_wconf 76' lang='lat' dir='ltr'>Plutarch.</span> <span class='ocrx_word' id='word_1_398' title='bbox 891 4441 918 4489; x_wconf 94' lang='lat' dir='ltr'>in</span> <span class='ocrx_word' id='word_1_399' title='bbox 931 4441 1019 4491; x_wconf 85' lang='lat' dir='ltr'>Mario</span> <span class='ocrx_word' id='word_1_400' title='bbox 1039 4458 1063 4491; x_wconf 90' lang='lat' dir='ltr'>e.</span> <span class='ocrx_word' id='word_1_401' title='bbox 1080 4440 1119 4493; x_wconf 81' lang='lat'>14.</span> <span class='ocrx_word' id='word_1_402' title='bbox 1171 4439 1204 4473; x_wconf 81' lang='lat'>⁷³¹</span> <span class='ocrx_word' id='word_1_403' title='bbox 1219 4439 1316 4509; x_wconf 85' lang='lat' dir='ltr'>mann]</span> <span class='ocrx_word' id='word_1_404' title='bbox 1332 4443 1455 4495; x_wconf 80' lang='lat' dir='ltr'>exercitu.</span> 
     </span>
     <span class='ocr_line' id='line_1_44' title="bbox 164 4516 1457 4592; baseline 0.005 -23"><span class='ocrx_word' id='word_1_405' title='bbox 164 4516 197 4551; x_wconf 72' lang='lat'>”²</span> <span class='ocrx_word' id='word_1_406' title='bbox 216 4522 287 4584; x_wconf 88' lang='lat' dir='ltr'>petit</span> <span class='ocrx_word' id='word_1_407' title='bbox 298 4523 374 4574; x_wconf 86' lang='lat' dir='ltr'>Itala</span> <span class='ocrx_word' id='word_1_408' title='bbox 393 4540 479 4589; x_wconf 86' lang='lat' dir='ltr'>regna</span> <span class='ocrx_word' id='word_1_409' title='bbox 493 4522 552 4589; x_wconf 76' lang='lat' dir='ltr'>dee]</span> <span class='ocrx_word' id='word_1_410' title='bbox 568 4526 603 4578; x_wconf 89' lang='lat' dir='ltr'>el.</span> <span class='ocrx_word' id='word_1_411' title='bbox 617 4524 674 4574; x_wconf 86' lang='lat' dir='ltr'>Lie.</span> <span class='ocrx_word' id='word_1_412' title='bbox 688 4541 729 4589; x_wconf 87' lang='lat' dir='ltr'>ep.</span> <span class='ocrx_word' id='word_1_413' title='bbox 743 4523 872 4575; x_wconf 85' lang='lat' dir='ltr'>vanr.</span> <span class='ocrx_word' id='word_1_414' title='bbox 886 4530 914 4575; x_wconf 88' lang='lat' dir='ltr'>et</span> <span class='ocrx_word' id='word_1_415' title='bbox 927 4526 1057 4577; x_wconf 77' lang='lat' dir='ltr'>Plutarch.</span> <span class='ocrx_word' id='word_1_416' title='bbox 1070 4525 1089 4576; x_wconf 88' lang='lat' dir='ltr'>l.</span> <span class='ocrx_word' id='word_1_417' title='bbox 1103 4543 1126 4577; x_wconf 91' lang='lat' dir='ltr'>e.</span> <span class='ocrx_word' id='word_1_418' title='bbox 1142 4526 1181 4576; x_wconf 86' lang='lat'>15.</span> <span class='ocrx_word' id='word_1_419' title='bbox 1194 4543 1253 4592; x_wconf 79' lang='lat' dir='ltr'>sqq.</span> <span class='ocrx_word' id='word_1_420' title='bbox 1306 4526 1342 4561; x_wconf 67' lang='lat'>&#39;³⁴</span> <span class='ocrx_word' id='word_1_421' title='bbox 1354 4529 1390 4578; x_wconf 81' lang='lat' dir='ltr'>cf.</span> <span class='ocrx_word' id='word_1_422' title='bbox 1403 4527 1457 4578; x_wconf 89' lang='lat' dir='ltr'>Plu·</span> 
     </span>
     <span class='ocr_line' id='line_1_45' title="bbox 165 4605 1454 4677; baseline 0.007 -26"><span class='ocrx_word' id='word_1_423' title='bbox 165 4605 285 4655; x_wconf 71' lang='lat' dir='ltr'>tareni.</span> <span class='ocrx_word' id='word_1_424' title='bbox 300 4623 323 4657; x_wconf 91' lang='lat' dir='ltr'>e.</span> <span class='ocrx_word' id='word_1_425' title='bbox 393 4607 427 4639; x_wconf 75' lang='lat'>⁷³⁰</span> <span class='ocrx_word' id='word_1_426' title='bbox 450 4609 577 4658; x_wconf 84' lang='lat' dir='ltr'>Foemina</span> <span class='ocrx_word' id='word_1_427' title='bbox 600 4605 690 4677; x_wconf 86' lang='lat' dir='ltr'>pieta]</span> <span class='ocrx_word' id='word_1_428' title='bbox 715 4611 743 4658; x_wconf 91' lang='lat' dir='ltr'>in</span> <span class='ocrx_word' id='word_1_429' title='bbox 762 4610 852 4660; x_wconf 86' lang='lat' dir='ltr'>Rheni</span> <span class='ocrx_word' id='word_1_430' title='bbox 875 4612 961 4677; x_wconf 86' lang='lat' dir='ltr'>pallio</span> <span class='ocrx_word' id='word_1_431' title='bbox 985 4612 1069 4677; x_wconf 83' lang='lat' dir='ltr'>pictae</span> <span class='ocrx_word' id='word_1_432' title='bbox 1092 4611 1241 4662; x_wconf 71' lang='lat' dir='ltr'>Cimbrica</span> <span class='ocrx_word' id='word_1_433' title='bbox 1265 4612 1405 4664; x_wconf 85' lang='lat' dir='ltr'>mulieres.</span> <span class='ocrx_word' id='word_1_434' title='bbox 1423 4610 1454 4662; x_wconf 83' lang='lat' dir='ltr'>ei.</span> 
     </span>
     <span class='ocr_line' id='line_1_46' title="bbox 165 4690 1455 4762; baseline 0.007 -25"><span class='ocrx_word' id='word_1_435' title='bbox 165 4700 248 4752; x_wconf 77' lang='lat' dir='ltr'>supra</span> <span class='ocrx_word' id='word_1_436' title='bbox 266 4706 292 4740; x_wconf 82' lang='lat' dir='ltr'>r.</span> <span class='ocrx_word' id='word_1_437' title='bbox 306 4690 364 4742; x_wconf 75' lang='lat'><strong>351.</strong></span> <span class='ocrx_word' id='word_1_438' title='bbox 421 4692 598 4758; x_wconf 80' lang='lat' dir='ltr'>Cymbrorum</span> <span class='ocrx_word' id='word_1_439' title='bbox 618 4698 643 4744; x_wconf 85' lang='grc'>3.</span> <span class='ocrx_word' id='word_1_440' title='bbox 698 4694 731 4728; x_wconf 77' lang='lat'>⁷³⁸</span> <span class='ocrx_word' id='word_1_441' title='bbox 749 4696 882 4746; x_wconf 85' lang='lat' dir='ltr'>tredecim</span> <span class='ocrx_word' id='word_1_442' title='bbox 897 4712 996 4761; x_wconf 85' lang='lat' dir='ltr'>annos,</span> <span class='ocrx_word' id='word_1_443' title='bbox 1011 4699 1035 4747; x_wconf 86' lang='lat' dir='ltr'>si</span> <span class='ocrx_word' id='word_1_444' title='bbox 1050 4695 1455 4762; x_wconf 77' lang='lat' dir='ltr'>conputamusaconaulatnc.</span> 
     </span>
    </p>
   </div>
   <div class='ocr_carea' id='block_1_6' title="bbox 0 0 1642 5354">
    <p class='ocr_par' dir='ltr' id='par_1_11' title="bbox 0 0 1642 5354">
     <span class='ocr_line' id='line_1_47' title="bbox 0 0 1642 5354; baseline 0 0"><span class='ocrx_word' id='word_1_445' title='bbox 0 0 1642 5354; x_wconf 95' lang='lat' dir='ltr'> </span> 
     </span>
    </p>
   </div>
  </div>
 </body>
</html>
