3270 5354
159 334 233 407 226
253 336 256 343 Ι
360 361 482 398 ΒΥῊῊῙ
495 360 532 398 ΑΒ
544 359 677 397 ΟΜΔΒΙΙ
690 357 902 395 minuantur(
914 353 1136 391 ΙΗΘΙΑΙΙΑΊὟΙ
1149 354 1245 392 eruta.

360 516 426 580 Non
449 515 616 579 erertibiles
638 515 727 574 maris
750 510 905 591 putabant,

361 619 513 699 Tanquam
536 616 592 678 illis
613 617 667 679 elea
690 634 766 676 caeea
789 632 907 692 semper
929 630 1050 680 aurum,

335 722 485 799 sSemper
508 720 620 781 diritius
641 726 704 778 rota
729 717 842 777 furente

362 823 495 884 Praesens
516 819 716 883 accumularet
737 828 767 880 et
788 817 944 897 quotannis
961 884 966 891 ,

363 926 486 986 [revictis
508 942 581 985 nora
605 922 726 1001 regibus
748 920 856 982 tributa

362 1025 444 1089 Ultro
466 1033 638 1103 apponeret.
682 1024 751 1084 hine
773 1023 857 1083 turer
879 1023 1041 1101 minaeque,

345 1129 447 1193 'Hinc
460 1120 570 1188 insania
594 1127 787 1204 pertinaxque
811 1123 904 1184 fastus

327 1254 349 1293 ro
365 1230 519 1307 turgebant
541 1230 654 1289 animos
676 1228 865 1295 ferocientem

363 1333 438 1392 Hinc
460 1330 508 1392 ille
530 1329 705 1391 immodicus
728 1336 826 1391 tumor
848 1328 939 1389 suasit

364 1434 460 1512 Reges
482 1450 623 1511 spernere
646 1431 867 1508 despicatuiquc

364 1538 545 1597 Germanum
568 1534 658 1595 decus
682 1541 711 1593 ct
732 1533 811 1594 uiros
833 1529 959 1598 trabere,

365 1638 450 1698 Divos
471 1643 558 1716 atque
581 1636 716 1696 homines
738 1632 810 1694 1111111
833 1633 938 1693 vereri.

327 1739 408 1801 11111
432 1739 544 1800 undum
567 1738 680 1817 quoties
703 1743 732 1797 et
754 1736 933 1811 indigentem

365 1841 603 1920 iixiraustumque
625 1839 749 1916 pecunia
772 1826 939 1898 vocabant'
963 1882 969 1894 .

365 1942 447 2004 Lrulo
469 1950 498 2003 te
519 1941 622 2002 Veneti
645 1939 793 2008 salaciori;

278 2022 283 2033 ’
364 2045 406 2105 Te
429 2044 564 2113 dicteria,
588 2053 616 2104 te
639 2043 717 2103 teres
739 2040 873 2102 cachinni

365 2146 400 2206 Et
421 2145 534 2206 saltatio
559 2151 587 2204 et
608 2144 736 2205 insolens
758 2142 905 2203 theatrum

327 2272 353 2310 eo
368 2247 526 2315 Notabant.
550 2245 603 2306 tibi
626 2245 775 2331 mordicus
798 2243 945 2321 prehenso

365 2347 491 2409 tntames
512 2347 588 2408 tituli
611 2355 640 2408 et
662 2354 739 2408 notae
761 2345 888 2406 tributae.

365 2449 454 2510 t'ersa
479 2456 524 2511 est
546 2457 603 2509 tota
627 2456 708 2511 retro
730 2448 822 2510 beans
844 2450 960 2527 virago;

365 2551 402 2611 Et
424 2570 489 2631 quae
509 2552 568 2637 ianr
592 2551 734 2613 Venetum
756 2553 821 2611 ioca
844 2549 1047 2629 impudentem

365 2653 507 2733 iiaueqne
528 2654 558 2714 in
581 2662 609 2714 te
631 2652 821 2731 petulantiam
843 2651 971 2721 serebat,

328 2753 496 2817 ultumum
520 2754 547 2829 (o
570 2755 712 2835 tempera)
736 2755 833 2816 deiicit
855 2755 1019 2834 premitque
1064 2758 1067 2765 '

367 2857 466 2918 Nudos
488 2859 554 2917 aeris
577 2866 606 2918 et
627 2859 758 2918 omnium
781 2863 931 2926 carentes,

367 2960 452 3019 Solos
474 2958 639 3037 auxilioque
662 2959 824 3021 destitutos.

368 3062 392 3121 it
415 3060 519 3138 tergens
540 3060 615 3121 nraia
639 3062 741 3121 civitas
764 3060 905 3139 facitque,

367 3166 447 3236 Ortus
469 3165 595 3242 sprevit,
619 3164 735 3240 superis
756 3180 894 3242 suprema
916 3169 991 3221 rota.

298 3348 349 3406 ὅθ.
544 3351 593 3399 Du
612 3306 821 3400 ruvumelnvs
838 3348 1070 3399 VENBTORVM.

368 3471 404 3531 tu
426 3488 528 3549 pacem
552 3469 717 3537 obtineant,
742 3475 822 3530 utto
845 3469 874 3528 in
896 3486 948 3529 sua
971 3467 1080 3528 ioedera
1104 3465 1227 3533 diruant,

452 3572 546 3632 Omne
569 3588 676 3649 genem,
700 3570 812 3636 Caesar.
837 3588 959 3631 mrurera
981 3570 1051 3631 dant
1073 3570 1185 3631 Veneti.

367 3673 430 3734 Hoc
446 3674 516 3735 dare
532 3674 682 3751 surripere
697 3678 757 3733 est:
780 3675 803 3732 si
819 3673 997 3752 sumpseris,
1021 3671 1158 3738 edecus,
1181 3690 1200 3729 o
1215 3669 1294 3740 iaus,

341 3796 355 3847 s
453 3774 524 3845 Ouae
545 3774 599 3835 tibi
622 3774 734 3835 divictis
754 3776 867 3849 integra
892 3781 976 3833 eram
998 3773 1128 3841 Venetis,

370 3876 444 3937 nant
459 3876 511 3938 tibi
527 3895 592 3957 quae
608 3883 756 3944 tuamet,
781 3876 898 3954 rapiunt
912 3875 965 3936 tibi
980 3878 1118 3937 maxima.
1141 3875 1179 3936 ab
1195 3875 1280 3936 hoste

452 3978 537 4043 Missa
560 3997 665 4038 vocare
688 3979 776 4055 igitur
798 3976 867 4057 quiri
890 3975 976 4038 iicet?
998 3975 1128 4038 insidias.

166 4198 264 4250 Carnis
282 4215 412 4266 prospere
431 4204 560 4267 egerunt,
579 4198 680 4249 Veneti
699 4213 759 4248 eum
778 4197 912 4250 Urbinute
931 4196 1002 4250 duce
1021 4215 1036 4249 e
1054 4198 1181 4250 Bononio
1199 4198 1290 4265 fugati
1309 4206 1381 4257 stent,
1402 4199 1452 4250 Ca·

165 4300 352 4335 urerueeusem
370 4285 456 4349 ligem
475 4283 682 4334 stoxnnilianus
698 4283 909 4348 Ludouieusque
928 4282 991 4333 Xli.
1011 4288 1229 4346 renovaverunt3
1253 4283 1301 4333 sed
1325 4284 1377 4334 hoe
1397 4286 1453 4349 epi-

166 4384 289 4433 gramma
306 4371 341 4421 eui
359 4370 525 4419 Venetorum
549 4369 695 4433 angustias
719 4369 858 4432 respicere
881 4367 1002 4429 videtur,
1026 4369 1123 4433 quibus
1147 4376 1210 4434 post
1233 4368 1329 4419 clades
1348 4369 1452 4419 111111)-

166 4453 247 4505 duam
266 4460 398 4521 receptos
415 4454 619 4518 premebuntur,
639 4453 672 4503 de
691 4468 745 4518 qrra
764 4452 952 4502 ‘Cremonensi
971 4456 1070 4518 pugns‘
1090 4469 1192 4518 magns
1208 4453 1303 4503 trorum
1318 4455 1453 4519 epigram·

166 4544 268 4588 metum
286 4554 349 4604 pars
367 4537 461 4587 lrabet.
513 4534 524 4566 ⁴
543 4537 595 4587 des
614 4534 650 4603 o]
664 4536 795 4586 Fortuna.
816 4536 859 4585 Cf.
873 4537 960 4600 epigr.
974 4537 1016 4586 58.
1070 4536 1090 4570 ¹¹
1108 4538 1199 4587 Germ.
1213 4535 1287 4603 dec]
1306 4539 1454 4589 (iussorem.

166 4621 189 4654 ‘¹'
206 4623 341 4688 prehenso
360 4627 384 4673 1.
437 4618 459 4652 ²¹
478 4621 564 4669 beans
583 4620 621 4687 1.]
640 4623 768 4672 Fortuna.

233 4708 276 4759 tt).
306 4706 405 4757 ’Hoee
424 4708 495 4755 ²...t.
