3270 5354
89 124 212 161 amm
226 122 264 161 ΒΙ
278 124 371 161 “lilio
383 124 459 159 ΠΕΟ.
469 123 535 159 ADV.
546 122 648 159 vestan.
659 122 694 157 ln·
707 122 813 159 evacis
827 122 930 157 onnnto
943 119 1258 157 unxtust..av0.1>1cn-
1281 86 1353 160 ¹⁷3

51 298 108 357 per
129 284 297 351 nmio,
313 294 372 353 per
392 279 483 335 eoedss
502 285 530 335 et
550 292 664 345 nenena
682 293 739 349 per
759 277 955 350 nefandissima
975 280 1084 335 scelera
1102 278 1355 351 pericho-rimaran

56 382 155 425 mam
171 368 281 425 damini
297 363 372 437 faeti
389 379 420 420 se
439 362 634 421 continebunt?
656 362 735 419 Certe
753 365 829 418 nullo
849 364 940 429 mado;
962 365 1013 419 sed
1032 367 1058 419 si
1076 380 1122 420 eas
1141 365 1179 419 ita
1200 364 1354 419 saucerio·

55 460 99 511 tas
118 454 298 521 mdis,
325 452 353 506 si
370 450 518 523 walatam
545 464 576 505 se
597 449 755 521 caltcyerint
775 464 811 503 aa
831 462 899 504 snas
918 451 991 506 airas
1012 450 1260 520 reassumpserint,
1284 466 1354 521 pra·

57 538 235 613 rodimur,
260 541 429 603 cacunem,
456 536 561 607 laayins
581 535 743 607 efferentur.
788 534 862 589 Satis
878 536 963 589 malta
983 535 1066 591 satra
1084 534 1187 607 secisse
1208 535 1302 589 videar
1322 534 1357 589 de

42 638 111 697 sepe
140 624 327 683 Venetas-nm:
348 636 424 677 nnnc
444 620 478 676 de
499 636 593 676 earum
615 619 761 693 tyrannide
780 620 906 691 quanam
927 628 993 675 sant
1010 620 1135 676 dicenda.

325 748 328 753 Ι
352 787 398 847 lle
418 787 580 864 tyrannide
606 788 789 847 Venetorum.
829 786 909 846 Pars
927 786 1070 847 scalada.

146 926 242 995 nare,
253 926 330 1001 qaod
341 928 464 984 omnihus
474 926 598 1001 yentioas
612 940 753 981 commane
765 940 825 981 esse
839 925 923 993 debet,
939 928 1024 981 aatsi
1036 928 1065 981 in
1078 926 1195 981 alienius
1207 926 1252 981 oo·
1293 940 1352 1041 ¹.‘''·
1363 942 1384 989 s
1394 943 1426 987 a.

58 1014 106 1071 nis
115 1020 169 1083 cst.
182 1022 282 1071 nestra
292 1014 432 1071 dusaren
441 1011 592 1068 Maiestatis
607 1026 666 1066 esse
680 1012 764 1079 delet,
779 1026 860 1066 snam
874 1025 933 1066 esse
946 1012 1049 1079 dunat,
1065 1018 1091 1067 et
1103 1013 1159 1067 siae
1175 1004 1252 1085 ΙΙΝ·
1185 1048 1257 1090 ,m
1267 1048 1356 1093 „m

58 1100 161 1156 wile
174 1096 296 1155 nenda
307 1100 363 1154 sint
377 1101 434 1155 siae
454 1112 559 1153 tenores
574 1095 708 1169 Neptuni,
729 1098 843 1169 siaynlis
864 1098 946 1151 auras
961 1096 1028 1151 illud
1046 1097 1197 1168 desponsa·
1222 1090 1359 1175 ww

28 1192 132 1241 luere
151 1184 258 1240 mula
278 1184 386 1245 macta.
429 1184 626 1255 Arrayanliam
653 1184 804 1237 inauditam
830 1183 960 1236 elementa
986 1182 1103 1253 despan·
1149 1174 1359 1255 ΨΙΙΙΙΙἿΙΙΙ·

59 1276 146 1327 ml
174 1268 304 1341 lenimus
324 1268 424 1342 Tyrios
446 1275 472 1323 et
494 1266 740 1339 Ceerthoyinenscs,
767 1266 890 1322 Rhodias
911 1274 938 1321 et
957 1266 1104 1323 Athenien·
1150 1270 1230 1339 ΙΝ·
1167 1262 1358 1339 mmmm·

59 1368 122 1423 ses,
139 1352 287 1411 Romanas
303 1361 331 1409 el
347 1360 444 1409 nmtra
463 1360 621 1424 tempestate
637 1352 802 1419 Gennenses,
825 1358 881 1406 tam
896 1352 1022 1407 Xerxem
1042 1354 1134 1419 illam,
1154 1356 1182 1407 in
1200 1356 1285 1409 relms
1298 1370 1357 1408 ma·

63 1440 164 1497 νΗΙ
184 1438 444 1507 mulsimus,
468 1440 650 1509 peritissimos
677 1454 712 1493 ac
734 1440 934 1509 potentissimos
958 1435 1066 1507 faisse:
1092 1453 1170 1493 nemo
1192 1447 1282 1495 tantem
1301 1446 1357 1495 tum

67 1524 130 1581 Η
152 1522 274 1581 Groeeat
293 1530 343 1579 aut
361 1530 418 1581 tarn
435 1526 599 1579 temeramus
620 1523 758 1578 barbarus
780 1525 904 1577 inventas
929 1530 969 1576 est
996 1524 1045 1593 qni
1067 1537 1147 1578 mare
1168 1524 1357 1596 desponsaret.

36 1614 93 1665 ssd
111 1616 191 1667 recte
207 1608 332 1683 qudem·
357 1626 423 1665 nom
449 1622 489 1665 esc
516 1608 568 1663 hac
589 1610 761 1663 sesostrimonia
782 1610 842 1662 nati
859 1614 924 1663 sant
952 1606 1059 1663 Venetis
1081 1608 1159 1663 liberi
1178 1609 1214 1664 ah
1234 1610 1358 1665 avidissi-

63 1696 115 1751 mis
135 1700 166 1751 el
185 1694 383 1751 crudelissimis
398 1694 562 1767 parantibus
580 1710 635 1749 nan
657 1693 862 1765 deyenerantes,
885 1692 1059 1749 insaciabiles
1079 1694 1203 1761 lalana,
1225 1696 1358 1749 immanes

62 1778 278 1853 lampenes,
296 1780 409 1851 infandi
428 1780 560 1853 Cyclopes
581 1786 607 1833 et
621 1778 795 1850 Polyphemi,
817 1781 865 1851 qui
885 1782 922 1833 ila
944 1794 1022 1833 rorare
1043 1779 1165 1834 obsident
1184 1786 1266 1851 atque
1285 1777 1357 1851 inse·

61 1870 157 1933 stul,
188 1870 221 1919 nl
243 1866 320 1920 nulla
345 1873 468 1919 monstra
496 1866 596 1931 maris,
622 1863 693 1918 rotelli
713 1864 823 1935 scopuli
844 1872 892 1919 ant
912 1871 1096 1935 tempestates,
1125 1865 1194 1919 nulli
1208 1864 1360 1935 praedones

62 1956 115 2007 aad
129 1950 239 2023 pirata
256 1948 449 2007 uehementius.
494 1948 561 2003 benc
580 1951 670 2003 sciam
696 1948 749 2003 linc
772 1948 924 2019 Rhayasai
948 1952 997 2021 yni
1021 1952 1048 2004 in
1076 1949 1201 2005 limitibus
1234 1948 1360 2025 inimus.

32 2033 235 2091 aduenarum
252 2037 455 2091 anstocratiam
476 2041 566 2089 lenem
586 2036 805 2100 inanissimam,
830 2050 899 2105 qnos
920 2035 1047 2089 vexanda
1067 2042 1093 2090 et
1112 2034 1245 2091 clossilras
1264 2037 1360 2107 appri-

63 2120 166 2177 mtla
195 2118 237 2189 ad
265 2126 369 2175 tantam
392 2122 512 2191 inopiam
539 2126 620 2191 atque
642 2118 858 2190 desperationem
888 2119 1082 2188 adduxerant,
1113 2127 1143 2176 at
1167 2120 1207 2175 ad
1232 2118 1360 2175 Tarchas

64 2202 224 2279 msuycre
240 2210 268 2261 el
285 2206 339 2261 illis
358 2204 485 2261 adulam
501 2206 627 2277 pendere
648 2206 792 2275 coeperint.
837 2205 899 2261 Dua
917 2206 1007 2259 littora
1029 2206 1165 2261 Adriatici
1183 2206 1279 2271 maris,
1299 2205 1357 2262 lta·
1368 2207 1389 2257 l·
1396 2208 1428 2252 ¹⁸·

65 2292 152 2347 lim
172 2296 201 2345 et
221 2289 380 2363 tttyrieaa,
402 2293 439 2345 ito
458 2292 530 2347 inter
555 2304 586 2345 se
605 2304 747 2357 eanrtena,
778 2296 806 2345 at
823 2292 938 2345 alteram
957 2291 1059 2362 alsone
1086 2294 1172 2346 altera
1200 2293 1248 2349 msc
1272 2292 1362 2347 nmero

60 2376 171 2449 pascit,
201 2388 289 2447 usqae
315 2376 385 2432 adea
410 2376 607 2431 disiaaaerant
633 2377 691 2429 san
715 2376 940 2445 pestilentissimis
966 2376 1060 2431 edictis
1084 2384 1110 2431 et
1126 2378 1244 2449 paratis,
1277 2382 1307 2431 ut
1332 2378 1361 2430 in

33 2458 211 2535 asyrtsoars,
229 2460 258 2515 t'm
269 2458 345 2533 freto
359 2460 451 2518 sionna
469 2468 518 2517 ant
534 2463 562 2515 ia
580 2462 705 2514 maxima
726 2466 882 2531 tempestate
897 2462 1060 2533 atticumque
1077 2460 1247 2533 deprehendi
1258 2462 1361 2517 malue-

65 2548 126 2603 rint
145 2560 233 2619 quam
252 2546 423 2602 Adriatrcran
441 2548 582 2619 aaaiyare,
605 2544 671 2599 Itali
691 2548 718 2599 in
738 2545 860 2600 libertate
874 2554 901 2600 et
921 2547 960 2601 ad
977 2561 1056 2602 mare
1073 2550 1132 2602 nati
1145 2562 1223 2601 mare
1234 2554 1362 2617 spectare

62 2630 171 2705 polias,
190 2646 274 2705 quom
296 2634 336 2687 nti
352 2630 415 2703 srui
434 2634 621 2703 naaiymeyuc
637 2632 760 2701 possint:
782 2637 847 2701 quot
865 2646 949 2686 riores
966 2634 1006 2686 illi
1020 2634 1170 2703 pradones
1184 2646 1362 2703 eapaynaae·

66 2721 153 2783 ml,
174 2714 379 2789 dirupuerunt,
398 2716 639 2793 publicanoruntt
652 2723 718 2787 qneot
737 2715 830 2770 divites
855 2724 1022 2771 interemtores
1041 2718 1191 2789 decoquere
1212 2717 1363 2771 accedere

66 2800 149 2859 laon
169 2805 337 2873 mendant?
364 2808 430 2875 qual
454 2802 556 2857 nahiles
580 2800 705 2873 familias
727 2808 752 2855 et
772 2802 916 2873 opulentos
943 2803 1061 2857 eiaitates
1088 2804 1262 2859 evertes-east?
1291 2800 1365 2869 (laid

35 2889 102 2943 sein
123 2886 316 2953 dionomia,
336 2888 365 2941 ia
386 2886 486 2959 Syria,
509 2889 591 2955 Asia,
615 2886 740 2952 Groeeia,
764 2885 903 2958 Apliriea,
926 2887 1041 2959 deniqne
1059 2889 1087 2941 in
1106 2886 1228 2941 omnihus
1241 2885 1364 2941 maribus

68 2970 222 3043 infidelius
238 2969 361 3044 sociam,
381 2988 462 3045 qaam
479 2974 613 3027 neminem
630 2978 737 3043 prater
757 2985 788 3025 se
808 2974 940 3043 aoaiyare
960 2972 1065 3039 vellent,
1086 2979 1207 3043 quantas
1226 2972 1364 3027 molestias

68 3056 239 3115 Christianis
263 3056 480 3129 neyocmtarihas
507 3054 645 3129 inserant,
678 3058 787 3128 lanyam
821 3064 892 3111 esset
919 3068 1066 3111 enarrare.
1110 3054 1183 3123 Ouid
1208 3058 1237 3111 in
1265 3056 1392 3111 terratl
1401 3058 1424 3099 ¹⁰

68 3142 153 3215 lane
167 3142 250 3215 peiles
266 3150 452 3213 yrassonlur:
479 3142 510 3197 hi
532 3140 652 3197 sabditos
669 3142 709 3195 ad
728 3142 908 3213 aedificandas
929 3143 1012 3197 males
1031 3148 1062 3197 ut
1080 3144 1199 3223 iumenta
1221 3143 1364 3197 materiam

66 3226 163 3318 [erre
171 3234 288 3299 eausam
312 3226 419 3283 honera
437 3229 537 3283 militiae
554 3229 703 3293 sentinare,
724 3229 855 3282 litterales
873 3228 991 3281 taurinis
1011 3230 1105 3283 nervis
1124 3227 1163 3282 ad
1182 3242 1273 3283 remos
1291 3226 1363 3283 sahi-

36 3292 163 3387 ayant,
173 3314 296 3383 amenta
308 3318 334 3368 el
346 3312 509 3369 cottidianos
521 3314 680 3369 exactiones
694 3319 720 3367 et
740 3312 839 3367 tritrata
861 3314 981 3384 eaiyant.
1023 3312 1164 3369 Praetores
1184 3320 1209 3368 et
1225 3312 1363 3385 palerna·

71 3406 149 3455 tores
164 3412 221 3453 stan
234 3396 347 3453 Patavii
363 3403 413 3453 aul
432 3398 551 3464 Parisii,
573 3398 625 3453 sed
640 3397 742 3452 Tanete
764 3404 813 3451 ead
827 3398 867 3451 ad
882 3397 996 3452 Tanaim
1017 3416 1035 3453 a
1049 3401 1148 3471 poneris
1169 3401 1266 3454 nutriti
1281 3398 1368 3470 periti

70 3487 139 3539 sunl
158 3498 216 3539 nan
234 3483 333 3555 tryam,
354 3498 408 3539 non
425 3482 608 3554 philosophia
632 3490 681 3537 aut
700 3490 802 3536 nostra
823 3484 973 3554 reliyionis,
996 3484 1046 3538 sed
1065 3487 1248 3556 pecuniarum
1271 3490 1364 3538 catar-

72 3566 259 3643 ywndunm‚
277 3568 329 3623 sed
346 3584 453 3623 amram
475 3570 633 3623 immanium
656 3564 840 3623 barbararum
861 3584 896 3622 ac
917 3570 1019 3623 rituum
1035 3568 1276 3642 Mayrnetidarnrn.
1310 3566 1364 3621 hli-

71 3650 223 3709 serrs'mum
237 3652 314 3707 'osmi
332 3653 435 3708 hahere
454 3670 538 3709 unam
559 3662 607 3708 ant
628 3654 697 3707 doras
717 3653 785 3707 talos
806 3653 947 3709 dominas:
975 3662 1077 3727 attonio
1106 3662 1145 3709 est
1166 3656 1292 3709 miserias
1313 3652 1362 3707 ha·

39 3738 142 3795 enlm
162 3738 236 3793 mille
255 3744 305 3794 aut
316 3754 410 3811 prope
428 3739 649 3793 innamcralnites.
693 3737 723 3792 hi
743 3740 785 3793 ias
803 3739 912 3801 dicant,
935 3740 966 3793 hi
983 3740 1065 3795 arbes
1085 3755 1120 3794 ae
1136 3741 1299 3812 provincias
1319 3751 1364 3791 re-

71 3830 143 3899 yumt
167 3818 321 3895 eel'potias
339 3825 466 3895 eecpitant
485 3822 728 3895 exhauriantqae:
755 3831 782 3877 et
807 3831 896 3879 tamen
924 3828 1057 3879 nerninem
1084 3824 1203 3891 honore,
1233 3826 1365 3877 neminem

72 3908 240 3978 madan,
263 3910 397 3965 neminem
416 3908 552 3965 aooitnan
574 3924 667 3965 earnm
688 3909 853 3981 diynontnr:
870 3917 1004 3982 putarent
1024 3913 1202 3983 mayistralus
1221 3916 1247 3965 et
1257 3906 1366 3982 proese-

142 4160 311 4229 'Cogilavil
327 4158 408 4211 Ictus
426 4159 459 4211 de
472 4158 586 4227 Ulpiani
604 4160 636 4209 L.
650 4158 691 4211 13.
704 4162 727 4223 Ι.
740 4160 764 4211 7.
777 4162 811 4210 D.
825 4160 858 4210 da
876 4160 987 4210 iniuriis
1004 4161 1060 4222 „Es
1078 4159 1185 4225 quidem
1203 4174 1278 4210 maro
1297 4174 1369 4210 com·
1454 4191 1459 4202 ·

76 4262 158 4299 nana
176 4246 300 4297 omnium
318 4252 369 4303 ast,
389 4251 417 4296 'at
434 4244 526 4308 litora,
546 4246 618 4296 sicut
636 4248 710 4296 sor”.
756 4244 919 4308 ¹’'thetydia
933 4248 989 4296 m.
1036 4238 1175 4310 Neptunni
1191 4248 1213 4296 t.
1263 4242 1284 4275 Ι·
1301 4245 1367 4309 Pyr-

76 4332 194 4383 masat.
230 4330 609 4397 Rhagulari:1.llhsgusani
625 4336 649 4380 2.
696 4329 962 4381 ”Aristochrstiist
1004 4331 1209 4396 opprinendot.
1244 4326 1367 4395 ¹⁸polle-

77 4416 281 4483 leallss'tmis'l.
316 4416 450 4483 pyrraiis:
470 4419 527 4466 1.2.
567 4412 590 4447 ΙΙ
608 4417 706 4481 cydara
726 4420 749 4465 l.
789 4414 811 4447 Ι·
831 4416 975 4481 epulantes
996 4420 1017 4465 t.
1058 4413 1080 4447 ³¹
1099 4416 1325 4481 negociatoribus
1344 4420 1367 4467 l.

78 4502 111 4553 Ia
127 4506 302 4569 mary.l.esl
321 4502 438 4553 Romani
460 4516 560 4551 errore.
612 4500 635 4532 ΙΙ
654 4502 816 4552 ernll'nnlur.
833 4505 855 4550 1.
907 4498 929 4531 ³⁴
947 4516 1031 4551 onera
1050 4504 1074 4551 2.
1127 4500 1345 4553 ³⁰'l'ue11lel.2.
