3270 5354
284 395 406 430 HVT'l'liss
421 395 449 431 ut
463 395 661 431 uenenorum(
674 395 860 431 motivarum
872 394 995 431 Annam
1009 395 1215 431 rnnsnrntcvs.

307 549 428 611 Cedere
450 549 525 611 oolla
548 550 672 620 dueum,
697 549 792 610 fasces
814 550 988 611 submittere
1011 568 1104 629 prenae

304 650 342 711 Et
362 653 473 711 sonteis
495 653 601 729 punire
624 670 706 720 rece,
730 650 862 730 solioque
885 659 1046 712 retractum

305 752 492 823 Pontificem,
516 754 655 832 Patrique
677 752 758 822 loco,
783 753 918 813 discorde
942 753 1058 829 relegas

304 854 453 934 Apatria.
491 855 600 916 Verum
625 852 681 915 alta
704 854 782 914 domi
805 874 859 934 per
882 863 910 915 le
933 857 1026 915 excita
1050 856 1142 916 virius

251 975 290 1017 sto
305 956 437 1017 Saxones
458 954 570 1018 extollit
592 974 750 1034 proceres,
775 959 831 1017 iam
854 964 988 1033 tempore
1011 955 1048 1016 ab
1071 954 1120 1015 illo

302 1057 427 1119 leuas
449 1076 542 1137 genus
565 1076 628 1119 esse
653 1066 752 1127 inum,
777 1075 831 1117 neo
854 1059 973 1133 segnior
996 1059 1102 1125 armis.

304 1159 427 1236 Ingenio
450 1159 554 1221 melior
577 1168 682 1238 regnat
703 1167 752 1219 tua
775 1162 854 1236 regia
880 1159 977 1236 proles

303 1261 361 1323 Per
383 1263 479 1323 varios
501 1280 603 1323 casus:
627 1263 720 1340 prium
744 1260 813 1321 huie
836 1262 956 1322 uictoria
979 1262 1056 1322 cedit

304 1363 337 1424 Iu
361 1362 555 1425 Sarracenam
579 1363 692 1424 rabiem
715 1363 911 1442 Maurumque
935 1363 1081 1431 laromam

254 1486 292 1528 aas
307 1466 419 1527 niem
442 1466 551 1528 debinc
572 1469 645 1527 victa
669 1472 728 1535 ost,
752 1467 858 1524 ilerum
882 1464 932 1524 dat
954 1465 1044 1525 Gallia
1068 1465 1207 1545 palmam.

307 1566 381 1627 llum
403 1585 487 1628 versa
513 1577 557 1629 est
578 1569 695 1628 lortnna
718 1572 816 1634 retro,
840 1585 905 1645 qnae
929 1576 1005 1626 inrita
1029 1576 1151 1645 repente

306 1668 413 1730 Invasit
435 1667 551 1730 clades?
574 1687 677 1747 sparso
700 1668 776 1745 iugis
798 1668 901 1728 obuius
923 1669 999 1728 hosti

307 1768 395 1830 Solus
417 1778 447 1831 et
468 1771 497 1829 in
520 1769 618 1831 lacera
641 1778 738 1831 tecum
762 1770 844 1830 vebis
867 1772 964 1829 onrrria
989 1770 1107 1849 onuba,

303 1872 441 1950 lingnam
463 1873 610 1941 animum;
634 1873 686 1933 sod
710 1873 761 1950 qni
784 1872 901 1949 premlit
924 1889 982 1930 uon
1006 1873 1100 1931 credit
1122 1871 1287 1934 Othonem:

253 1993 291 2035 sao
305 1973 369 2034 Hoc
383 1972 437 2035 tibi
451 1971 551 2052 lingna
566 1974 660 2042 dedit,
678 1993 774 2051 nequo
790 1975 869 2033 enim
886 1975 968 2050 prius
983 1992 1034 2033 ore
1050 1974 1181 2034 loculum
1258 1973 1397 2055 332¹&

304 2074 449 2137 Audivere
471 2095 526 2137 suo
548 2077 629 2137 Graii
651 2076 812 2154 perier-tius
835 2073 926 2135 ullum
1257 2059 1327 2094 Μ’·

305 2175 358 2239 Cui
379 2178 505 2256 patriam
527 2176 648 2240 boreale
671 2177 738 2254 gelu
760 2176 941 2255 Rhenusque
965 2176 1102 2246 dedisset,

304 2278 365 2340 Neo
388 2278 586 2340 Beneventani
610 2286 707 2340 manet
730 2281 871 2357 impnuila
894 2279 1007 2339 timoris

306 2380 473 2449 Pernicies,
498 2389 644 2460 actorque
666 2381 742 2459 iugae
766 2382 846 2441 ierro
870 2382 936 2459 igue
959 2383 1067 2458 petitus

252 2503 290 2545 aaa
306 2482 359 2543 [lat
380 2501 507 2562 poenam.
552 2484 633 2544 Latio
656 2492 723 2563 post
745 2483 823 2543 bunc
846 2482 980 2543 sublimis
1002 2484 1031 2543 iu
1054 2489 1135 2543 ostro
1270 2483 1392 2564 ξξζξξξξζζζ

304 2586 422 2647 Tertius
444 2584 528 2646 ardet
550 2584 627 2646 Otho
651 2592 680 2644 et
702 2587 832 2645 cincinni
854 2584 1018 2644 diademate
1042 2583 1123 2663 largo

305 2687 438 2748 Ostentat
459 2685 558 2763 regale
582 2692 686 2765 caput,
710 2689 757 2746 cui
780 2689 904 2746 maxima
928 2694 1028 2763 posset

303 2787 455 2867 Regnandi
479 2790 570 2849 virtus
592 2787 697 2857 tribui,
721 2790 776 2848 nisi
800 2795 878 2847 tanta
902 2787 1036 2847 tulissent

168 3040 203 3074 Ν
220 3040 327 3092 Cedere
345 3042 404 3094 edd.
455 3040 489 3074 ⁰⁸⁸
506 3039 683 3109 Pontificem]
703 3042 882 3092 Benedictnm
901 3042 944 3103 V.‚
958 3058 1038 3106 qneru
1056 3042 1189 3092 defuneto
1208 3045 1313 3094 Ioanne
1333 3045 1396 3095 Xll.

151 3127 221 3177 nani
239 3127 294 3177 ribi
312 3126 469 3194 elegerant,
488 3142 581 3177 secum
600 3129 629 3177 in
649 3129 825 3178 Germaniam
844 3126 923 3176 duxit
942 3127 1020 3186 Otto,
1041 3125 1088 3175 ubi
1107 3132 1228 3178 mortuns
1247 3134 1290 3178 est
1307 3128 1396 3178 medio

151 3216 234 3263 dente
254 3226 326 3262 anno
341 3210 403 3262 995.
416 3212 579 3278 Hambnrgi.
641 3210 673 3245 ⁸⁴¹
693 3211 760 3262 Otto
780 3213 823 3274 ll.,
838 3210 948 3260 Ottonia
967 3212 1048 3276 primi
1067 3227 1099 3260 ex
1118 3211 1268 3262 Adolbeide
1287 3213 1396 3263 Rndolfi

151 3296 319 3363 Burgundiae
331 3296 407 3362 regis
419 3295 491 3358 lilia,
511 3298 638 3348 Lctharii
651 3299 686 3347 ll.
700 3296 793 3346 ltaliae
812 3297 886 3362 rogis
904 3295 987 3345 vidua
1005 3296 1103 3344 tertius
1123 3293 1205 3359 filins,
1224 3302 1281 3347 nat.
1296 3313 1322 3348 a.
1335 3296 1395 3348 955.

151 3381 213 3433 anti
230 3382 367 3431 succeseit
385 3397 409 3431 a.
421 3380 482 3432 973.
495 3379 515 3446 †
527 3382 619 3432 itomce
639 3399 665 3432 a.
678 3381 737 3432 983.
785 3380 818 3413 ⁸⁴⁸
836 3384 902 3431 Post
921 3379 979 3429 alia
997 3380 1071 3429 bella
1084 3381 1112 3428 in
1126 3381 1283 3444 Germania,
1302 3383 1397 3432 Dania

151 3464 196 3528 lta,
210 3464 305 3517 Gallia
317 3480 373 3516 non
384 3466 445 3517 aiae
458 3465 549 3531 gloria
562 3472 642 3532 gesta
655 3467 722 3516 Otto
737 3483 761 3516 a.
775 3463 834 3514 982.
848 3464 976 3529 Apuliam
990 3464 1207 3529 Calabriamque
1220 3466 1327 3517 Graecia
1340 3482 1397 3517 ere·

151 3564 199 3601 m
222 3550 273 3601 luca
295 3551 458 3602 coniunctos
483 3550 512 3600 in
537 3550 669 3601 auxilium
692 3551 801 3601 vocatia
825 3550 973 3600 Saracenis
996 3551 1111 3615 primum
1135 3566 1220 3616 prope
1245 3551 1396 3602 Tarentum

151 3634 184 3695 n,
201 3634 302 3686 deinde
315 3650 381 3686 vero
393 3650 411 3686 a
422 3635 572 3686 Saracenis
590 3636 686 3701 praelio
698 3636 788 3685 vietus
801 3634 934 3685 italorum
946 3634 1063 3700 perfidia
1075 3637 1188 3702 sagatus
1201 3652 1263 3686 cum
1275 3636 1396 3687 natando

151 3724 220 3771 ntem
239 3727 389 3785 quareret,
413 3736 431 3770 ιι
448 3723 541 3771 nautis
561 3727 667 3786 captus,
687 3721 736 3770 scd
755 3720 790 3770 ab
810 3720 913 3771 eisdem
932 3722 1125 3786 imperatorem
1144 3721 1251 3786 cepisse
1270 3722 1396 3772 assolen-

151 3816 178 3857 υ
200 3804 360 3870 redemptus
385 3809 437 3856 ast.
507 3803 542 3838 ⁸⁴⁴
565 3805 735 3856 Saracenam
754 3807 778 3854 6.
832 3802 866 3836 ⁸⁴⁵
885 3804 928 3854 Oi.
944 3806 1063 3855 uererer.
1079 3805 1114 3855 ll.
1129 3805 1178 3856 sol.
1194 3804 1251 3855 143.
1271 3805 1357 3855 Struv.
1377 3806 1395 3856 1.

151 3891 176 3939 ln
192 3890 243 3940 vit.
256 3886 353 3940 Otton.
365 3890 402 3941 11.
415 3891 441 3952 8.
454 3906 494 3941 vr.
565 3892 595 3940 it.
609 3891 666 3940 dat.
680 3889 773 3939 Gallia
791 3887 829 3955 p.]
849 3890 1011 3939 Lotbarium
1030 3891 1200 3940 Francorum
1217 3906 1326 3955 regem,
1351 3891 1397 3954 qai

151 3988 234 4025 nom
245 3974 275 4024 in
292 3975 354 4041 ipso
369 3990 420 4026 sno
436 3974 543 4041 palatio
555 3975 775 4041 Aquisgranensi
794 3989 819 4024 a.
833 3974 891 4024 977.
905 3975 964 4024 sero
984 3981 1111 4041 ceperat,
1131 3979 1300 4041 congregato
1320 3990 1396 4024 eaer-

151 4058 332 4125 tlmperator
353 4060 389 4112 ad
406 4060 531 4111 Parisios
552 4075 638 4125 usque
662 4065 825 4126 prosecutas
849 4064 905 4122 est,
929 4060 1046 4109 reditum
1070 4064 1163 4109 autem
1187 4075 1248 4110 eum
1272 4060 1397 4110 exercitu

151 4156 200 4195 ιι
216 4144 330 4197 felicem
347 4144 460 4207 babuit,
484 4145 556 4197 unde
579 4145 707 4210 sequenti
727 4161 798 4194 anno
817 4144 937 4195 Galliam
956 4146 1056 4195 iterum
1079 4144 1183 4193 invasit
1200 4157 1348 4208 regemque
1367 4143 1397 4192 in

151 4228 198 4279 nl·
209 4228 423 4298 Letharinglam
441 4229 571 4281 abiurare
590 4233 684 4297 coegit
702 4245 727 4280 a.
740 4228 798 4279 986.
820 4230 858 4279 cl.
872 4228 957 4279 Seruo.
971 4228 988 4278 l.
1004 4244 1028 4277 c.
1042 4244 1067 4278 e.
1080 4244 1107 4278 r.
1159 4226 1192 4260 ⁸⁵⁸
1210 4228 1249 4278 Ut
1268 4226 1396 4278 abitalia

151 4312 266 4379 alequa
289 4314 345 4366 ubi
366 4314 435 4366 data
457 4315 559 4366 damma
576 4315 746 4380 iniuriasque
765 4313 958 4375 ulcisceretur,
983 4313 1174 4361 Beneventum
1197 4311 1293 4361 eodem
1312 4326 1395 4375 anno,

151 4402 294 4450 rusam
311 4404 435 4451 moriana
452 4404 503 4460 est,
523 4405 635 4464 captum
652 4400 788 4450 militibus
806 4400 864 4449 suis
882 4397 1066 4462 diripiendam
1084 4396 1217 4460 permisit.
1278 4395 1311 4429 ⁸⁵⁵
1329 4397 1396 4447 Otto

151 4480 279 4535 ‚ortam
294 4484 331 4537 11.
344 4500 378 4535 ex
394 4484 581 4550 Theophanis
602 4485 701 4535 unicus
724 4485 798 4534 filius
821 4488 878 4533 nat.
894 4498 920 4532 a.
932 4480 991 4530 980.
1006 4481 1099 4530 Romae
1124 4496 1252 4530 coronam
1272 4482 1335 4546 imp.
1349 4498 1396 4532 ae·

151 4566 180 4621 ss
194 4580 223 4621 ι.
233 4566 304 4633 M,
323 4566 382 4635 †⁸.
397 4566 471 4620 10⁰2
484 4585 502 4620 a
519 4569 702 4636 benignitate,
722 4568 902 4629 liberalitato,
922 4567 1039 4629 institia,
1059 4567 1180 4617 moribus
1199 4566 1325 4616 omnibns
1343 4583 1394 4616 nee

151 4650 266 4707 ihm
281 4652 505 4717 tremendam,
528 4654 598 4717 ‚,sub
623 4655 701 4704 cuius
726 4655 859 4719 regimine
883 4651 958 4703 salas
982 4653 1036 4702 luit
1058 4651 1158 4702 maudo
1176 4657 1205 4703 et
1224 4652 1340 4719 gloria'',
1366 4660 1395 4702 nt

151 4750 187 4807 p
201 4736 429 4809 ¹F'lavinlreonsis
446 4738 567 4805 scripsit.
587 4739 629 4789 (ii.
643 4740 698 4791 vol.
710 4740 743 4789 V.
756 4756 783 4805 p.
796 4736 855 4790 367.
