<?xml version="1.0" encoding="UTF-8"?>
<!DOCTYPE html PUBLIC "-//W3C//DTD XHTML 1.0 Transitional//EN"
    "http://www.w3.org/TR/xhtml1/DTD/xhtml1-transitional.dtd">
<html xmlns="http://www.w3.org/1999/xhtml" xml:lang="en" lang="en">
 <head>
  <title>
</title>
<meta http-equiv="Content-Type" content="text/html;charset=utf-8" />
  <meta name='ocr-system' content='tesseract 3.04.00' />
  <meta name='ocr-capabilities' content='ocr_page ocr_carea ocr_par ocr_line ocrx_word'/>
</head>
<body>
  <div class='ocr_page' id='page_1' title='image "./ulrichihuttenie08huttgoog_0255.png"; bbox 0 0 3270 5354; ppageno 0'>
   <div class='ocr_carea' id='block_1_1' title="bbox 162 367 1251 440">
    <p class='ocr_par' dir='ltr' id='par_1_1' title="bbox 162 367 1251 440">
     <span class='ocr_line' id='line_1_1' title="bbox 162 367 1251 440; baseline 0.002 -6"><span class='ocrx_word' id='word_1_1' title='bbox 162 367 236 440; x_wconf 73' lang='lat'>22⁰</span> <span class='ocrx_word' id='word_1_2' title='bbox 363 398 486 435; x_wconf 76' lang='lat' dir='ltr'>nv&#39;rnttt</span> <span class='ocrx_word' id='word_1_3' title='bbox 500 398 536 434; x_wconf 76' lang='grc' dir='ltr'>ΔΙ)</span> <span class='ocrx_word' id='word_1_4' title='bbox 549 396 683 435; x_wconf 65' lang='lat' dir='ltr'>CAESAR!</span> <span class='ocrx_word' id='word_1_5' title='bbox 696 398 907 434; x_wconf 65' lang='lat' dir='ltr'>tumnultu</span> <span class='ocrx_word' id='word_1_6' title='bbox 919 398 1142 436; x_wconf 66' lang='lat' dir='ltr'>autumatur!</span> <span class='ocrx_word' id='word_1_7' title='bbox 1155 399 1251 437; x_wconf 76' lang='lat' dir='ltr'>uttan.</span> 
     </span>
    </p>
   </div>
   <div class='ocr_carea' id='block_1_2' title="bbox 339 552 1081 937">
    <p class='ocr_par' dir='ltr' id='par_1_2' title="bbox 339 552 1016 734">
     <span class='ocr_line' id='line_1_2' title="bbox 365 552 1016 633; baseline -0.006 -16"><span class='ocrx_word' id='word_1_8' title='bbox 365 554 493 617; x_wconf 83' lang='lat' dir='ltr'>Gcrcnte</span> <span class='ocrx_word' id='word_1_9' title='bbox 516 572 574 633; x_wconf 87' lang='lat' dir='ltr'>quo</span> <span class='ocrx_word' id='word_1_10' title='bbox 597 571 660 614; x_wconf 87' lang='lat' dir='ltr'>rem</span> <span class='ocrx_word' id='word_1_11' title='bbox 683 552 767 615; x_wconf 86' lang='lat' dir='ltr'>lorlls</span> <span class='ocrx_word' id='word_1_12' title='bbox 789 553 877 614; x_wconf 76' lang='lat' dir='ltr'>Adria</span> <span class='ocrx_word' id='word_1_13' title='bbox 899 556 1016 620; x_wconf 65' lang='grc' dir='ltr'>ειιεῑίῐ,4</span> 
     </span>
     <span class='ocr_line' id='line_1_3' title="bbox 339 654 1011 734; baseline -0.004 -17"><span class='ocrx_word' id='word_1_14' title='bbox 339 655 541 734; x_wconf 80' lang='lat' dir='ltr'>rPeremplus</span> <span class='ocrx_word' id='word_1_15' title='bbox 563 655 640 716; x_wconf 85' lang='lat' dir='ltr'>idom</span> <span class='ocrx_word' id='word_1_16' title='bbox 663 656 765 734; x_wconf 74' lang='lat' dir='ltr'>patriar</span> <span class='ocrx_word' id='word_1_17' title='bbox 787 672 870 732; x_wconf 83' lang='lat' dir='ltr'>spem</span> <span class='ocrx_word' id='word_1_18' title='bbox 892 654 1011 724; x_wconf 78' lang='lat' dir='ltr'>sustuli:</span> 
     </span>
    </p>

    <p class='ocr_par' dir='ltr' id='par_1_3' title="bbox 365 755 1014 818">
     <span class='ocr_line' id='line_1_4' title="bbox 365 755 1014 818; baseline -0.003 0"><span class='ocrx_word' id='word_1_19' title='bbox 365 759 530 818; x_wconf 81' lang='lat' dir='ltr'>Germanus</span> <span class='ocrx_word' id='word_1_20' title='bbox 552 755 714 817; x_wconf 79' lang='lat' dir='ltr'>insolenter</span> <span class='ocrx_word' id='word_1_21' title='bbox 736 756 839 818; x_wconf 82' lang='lat' dir='ltr'>ausum</span> <span class='ocrx_word' id='word_1_22' title='bbox 862 775 910 817; x_wconf 88' lang='lat' dir='ltr'>me</span> <span class='ocrx_word' id='word_1_23' title='bbox 932 756 1014 818; x_wconf 88' lang='lat' dir='ltr'>dedit</span> 
     </span>
    </p>

    <p class='ocr_par' dir='ltr' id='par_1_4' title="bbox 364 857 1081 937">
     <span class='ocr_line' id='line_1_5' title="bbox 364 857 1081 937; baseline -0.001 -19"><span class='ocrx_word' id='word_1_24' title='bbox 364 857 503 937; x_wconf 83' lang='lat' dir='ltr'>Exempla</span> <span class='ocrx_word' id='word_1_25' title='bbox 527 860 666 936; x_wconf 87' lang='lat' dir='ltr'>princeps</span> <span class='ocrx_word' id='word_1_26' title='bbox 688 859 821 937; x_wconf 75' lang='lat' dir='ltr'>posteris.</span> <span class='ocrx_word' id='word_1_27' title='bbox 867 877 951 926; x_wconf 86' lang='lat' dir='ltr'>care,</span> <span class='ocrx_word' id='word_1_28' title='bbox 975 858 1081 936; x_wconf 85' lang='lat' dir='ltr'>napos!</span> 
     </span>
    </p>
   </div>
   <div class='ocr_carea' id='block_1_3' title="bbox 305 1041 1056 1101">
    <p class='ocr_par' dir='ltr' id='par_1_5' title="bbox 305 1041 1056 1101">
     <span class='ocr_line' id='line_1_6' title="bbox 305 1041 1056 1101; baseline -0.011 -1"><span class='ocrx_word' id='word_1_29' title='bbox 305 1041 349 1101; x_wconf 63' lang='lat' dir='ltr'>Sl·</span> <span class='ocrx_word' id='word_1_30' title='bbox 560 1044 609 1093; x_wconf 84' lang='lat' dir='ltr'>DE</span> <span class='ocrx_word' id='word_1_31' title='bbox 628 1044 803 1094; x_wconf 78' lang='lat' dir='ltr'><strong>PERFIDIA</strong></span> <span class='ocrx_word' id='word_1_32' title='bbox 820 1043 1056 1093; x_wconf 79' lang='lat' dir='ltr'><strong>VENE&#39;I&#39;ORVM.</strong></span> 
     </span>
    </p>
   </div>
   <div class='ocr_carea' id='block_1_4' title="bbox 341 1163 1195 1544">
    <p class='ocr_par' dir='ltr' id='par_1_6' title="bbox 341 1163 1195 1544">
     <span class='ocr_line' id='line_1_7' title="bbox 365 1163 1057 1241; baseline -0.003 -18"><span class='ocrx_word' id='word_1_33' title='bbox 365 1163 480 1224; x_wconf 83' lang='lat' dir='ltr'>blirario</span> <span class='ocrx_word' id='word_1_34' title='bbox 502 1163 634 1232; x_wconf 69' lang='lat' dir='ltr'>Venetae,</span> <span class='ocrx_word' id='word_1_35' title='bbox 658 1164 770 1229; x_wconf 64' lang='lat' dir='ltr'>Cacsar.</span> <span class='ocrx_word' id='word_1_36' title='bbox 794 1164 921 1241; x_wconf 83' lang='lat' dir='ltr'>periuria</span> <span class='ocrx_word' id='word_1_37' title='bbox 945 1164 1057 1238; x_wconf 80' lang='lat' dir='ltr'>gentis,</span> 
     </span>
     <span class='ocr_line' id='line_1_8' title="bbox 451 1263 1005 1342; baseline -0.005 -17"><span class='ocrx_word' id='word_1_38' title='bbox 451 1265 564 1325; x_wconf 86' lang='lat' dir='ltr'>Miraris</span> <span class='ocrx_word' id='word_1_39' title='bbox 586 1266 672 1325; x_wconf 84' lang='lat' dir='ltr'>toties</span> <span class='ocrx_word' id='word_1_40' title='bbox 696 1263 803 1324; x_wconf 86' lang='lat' dir='ltr'>loedera</span> <span class='ocrx_word' id='word_1_41' title='bbox 827 1271 912 1342; x_wconf 89' lang='lat' dir='ltr'>rupta</span> <span class='ocrx_word' id='word_1_42' title='bbox 938 1264 1005 1324; x_wconf 85' lang='lat' dir='ltr'>libi:</span> 
     </span>
     <span class='ocr_line' id='line_1_9' title="bbox 367 1365 1182 1445; baseline -0.001 -18"><span class='ocrx_word' id='word_1_43' title='bbox 367 1366 545 1445; x_wconf 79' lang='lat' dir='ltr'>Simpliciter</span> <span class='ocrx_word' id='word_1_44' title='bbox 568 1367 706 1427; x_wconf 91' lang='lat' dir='ltr'>nimium:</span> <span class='ocrx_word' id='word_1_45' title='bbox 730 1366 799 1444; x_wconf 91' lang='lat' dir='ltr'>quid</span> <span class='ocrx_word' id='word_1_46' title='bbox 823 1365 900 1425; x_wconf 82' lang='lat' dir='ltr'>enim</span> <span class='ocrx_word' id='word_1_47' title='bbox 923 1366 1021 1425; x_wconf 89' lang='lat' dir='ltr'>iurare</span> <span class='ocrx_word' id='word_1_48' title='bbox 1045 1365 1182 1427; x_wconf 68' lang='lat' dir='ltr'>sinebas?</span> 
     </span>
     <span class='ocr_line' id='line_1_10' title="bbox 341 1452 1195 1544; baseline 0 -18"><span class='ocrx_word' id='word_1_49' title='bbox 341 1487 353 1526; x_wconf 85' lang='grc' dir='ltr'>ι</span> <span class='ocrx_word' id='word_1_50' title='bbox 453 1466 533 1537; x_wconf 85' lang='lat' dir='ltr'>Quos</span> <span class='ocrx_word' id='word_1_51' title='bbox 556 1469 632 1527; x_wconf 88' lang='lat' dir='ltr'>iurat</span> <span class='ocrx_word' id='word_1_52' title='bbox 655 1465 798 1536; x_wconf 84' lang='lat' dir='ltr'>Venetus,</span> <span class='ocrx_word' id='word_1_53' title='bbox 823 1484 880 1526; x_wconf 92' lang='lat' dir='ltr'>non</span> <span class='ocrx_word' id='word_1_54' title='bbox 905 1473 988 1544; x_wconf 87' lang='lat' dir='ltr'>putat</span> <span class='ocrx_word' id='word_1_55' title='bbox 1011 1484 1090 1537; x_wconf 73' lang='lat' dir='ltr'>eaeo,</span> <span class='ocrx_word' id='word_1_56' title='bbox 1113 1452 1195 1529; x_wconf 60' lang='lat' dir='ltr'>deos}</span> 
     </span>
    </p>
   </div>
   <div class='ocr_carea' id='block_1_5' title="bbox 300 1623 1089 1708">
    <p class='ocr_par' dir='ltr' id='par_1_7' title="bbox 300 1623 1089 1708">
     <span class='ocr_line' id='line_1_11' title="bbox 300 1623 1089 1708; baseline -0.008 0"><span class='ocrx_word' id='word_1_57' title='bbox 300 1648 362 1708; x_wconf 72' lang='lat' dir='ltr'>aa·</span> <span class='ocrx_word' id='word_1_58' title='bbox 529 1653 580 1702; x_wconf 84' lang='lat' dir='ltr'>nn</span> <span class='ocrx_word' id='word_1_59' title='bbox 599 1651 834 1702; x_wconf 78' lang='lat' dir='ltr'>onassnrvna</span> <span class='ocrx_word' id='word_1_60' title='bbox 852 1623 1089 1703; x_wconf 77' lang='lat' dir='ltr'>vuunronvu.</span> 
     </span>
    </p>
   </div>
   <div class='ocr_carea' id='block_1_6' title="bbox 342 1770 1189 2765">
    <p class='ocr_par' dir='ltr' id='par_1_8' title="bbox 342 1770 1189 2765">
     <span class='ocr_line' id='line_1_12' title="bbox 368 1770 1147 1850; baseline 0.003 -19"><span class='ocrx_word' id='word_1_61' title='bbox 368 1770 427 1831; x_wconf 91' lang='lat' dir='ltr'>lam</span> <span class='ocrx_word' id='word_1_62' title='bbox 452 1789 506 1850; x_wconf 88' lang='lat' dir='ltr'>per</span> <span class='ocrx_word' id='word_1_63' title='bbox 529 1770 688 1849; x_wconf 87' lang='lat' dir='ltr'>Osopiaeas</span> <span class='ocrx_word' id='word_1_64' title='bbox 711 1770 838 1832; x_wconf 85' lang='lat' dir='ltr'>Venetus</span> <span class='ocrx_word' id='word_1_65' title='bbox 857 1770 904 1832; x_wconf 85' lang='lat' dir='ltr'>leo</span> <span class='ocrx_word' id='word_1_66' title='bbox 926 1788 1033 1849; x_wconf 87' lang='lat' dir='ltr'>pascua</span> <span class='ocrx_word' id='word_1_67' title='bbox 1057 1789 1147 1850; x_wconf 84' lang='lat' dir='ltr'>rupes</span> 
     </span>
     <span class='ocr_line' id='line_1_13' title="bbox 452 1869 1079 1952; baseline -0.005 -19"><span class='ocrx_word' id='word_1_68' title='bbox 452 1872 516 1933; x_wconf 89' lang='lat' dir='ltr'>lbat</span> <span class='ocrx_word' id='word_1_69' title='bbox 538 1879 567 1933; x_wconf 87' lang='lat' dir='ltr'>et</span> <span class='ocrx_word' id='word_1_70' title='bbox 588 1873 617 1931; x_wconf 93' lang='lat' dir='ltr'>in</span> <span class='ocrx_word' id='word_1_71' title='bbox 641 1872 745 1933; x_wconf 86' lang='lat' dir='ltr'>Carnis</span> <span class='ocrx_word' id='word_1_72' title='bbox 766 1869 941 1952; x_wconf 80' lang='lat' dir='ltr'>lllyricoque</span> <span class='ocrx_word' id='word_1_73' title='bbox 963 1872 1079 1950; x_wconf 83' lang='lat' dir='ltr'>legens,</span> 
     </span>
     <span class='ocr_line' id='line_1_14' title="bbox 367 1973 1051 2054; baseline -0.001 -19"><span class='ocrx_word' id='word_1_74' title='bbox 367 1975 431 2036; x_wconf 93' lang='lat' dir='ltr'>lbat</span> <span class='ocrx_word' id='word_1_75' title='bbox 454 1973 590 2054; x_wconf 77' lang='lat' dir='ltr'>Amyclaei</span> <span class='ocrx_word' id='word_1_76' title='bbox 614 1991 749 2052; x_wconf 70' lang='lat' dir='ltr'>quaerens</span> <span class='ocrx_word' id='word_1_77' title='bbox 771 1975 799 2032; x_wconf 91' lang='lat' dir='ltr'>in</span> <span class='ocrx_word' id='word_1_78' title='bbox 824 1973 903 2035; x_wconf 86' lang='lat' dir='ltr'>lonte</span> <span class='ocrx_word' id='word_1_79' title='bbox 926 1973 1051 2043; x_wconf 87' lang='lat' dir='ltr'>Timavi,</span> 
     </span>
     <span class='ocr_line' id='line_1_15' title="bbox 342 2073 1174 2154; baseline 0.001 -19"><span class='ocrx_word' id='word_1_80' title='bbox 342 2096 354 2135; x_wconf 85' lang='grc' dir='ltr'>ι</span> <span class='ocrx_word' id='word_1_81' title='bbox 454 2077 524 2148; x_wconf 83' lang='lat' dir='ltr'>Quis</span> <span class='ocrx_word' id='word_1_82' title='bbox 547 2076 646 2136; x_wconf 86' lang='lat' dir='ltr'>domet</span> <span class='ocrx_word' id='word_1_83' title='bbox 667 2077 825 2136; x_wconf 85' lang='lat' dir='ltr'>immanem</span> <span class='ocrx_word' id='word_1_84' title='bbox 848 2075 982 2154; x_wconf 78' lang='lat' dir='ltr'>raptibus</span> <span class='ocrx_word' id='word_1_85' title='bbox 1003 2073 1174 2154; x_wconf 65' lang='lat' dir='ltr'>ingluviem</span> 
     </span>
     <span class='ocr_line' id='line_1_16' title="bbox 368 2176 1087 2253; baseline 0.003 -16"><span class='ocrx_word' id='word_1_86' title='bbox 368 2176 469 2237; x_wconf 78' lang='lat' dir='ltr'>l&#39;raeda</span> <span class='ocrx_word' id='word_1_87' title='bbox 493 2176 664 2237; x_wconf 75' lang='lat' dir='ltr'>Tridentino</span> <span class='ocrx_word' id='word_1_88' title='bbox 688 2184 802 2253; x_wconf 80' lang='lat' dir='ltr'>captata</span> <span class='ocrx_word' id='word_1_89' title='bbox 826 2184 870 2237; x_wconf 82' lang='lat' dir='ltr'>ost</span> <span class='ocrx_word' id='word_1_90' title='bbox 891 2176 992 2238; x_wconf 88' lang='lat' dir='ltr'>ultima</span> <span class='ocrx_word' id='word_1_91' title='bbox 1015 2195 1087 2239; x_wconf 89' lang='lat' dir='ltr'>rnre</span> 
     </span>
     <span class='ocr_line' id='line_1_17' title="bbox 451 2277 1019 2356; baseline -0.005 -16"><span class='ocrx_word' id='word_1_92' title='bbox 451 2279 484 2340; x_wconf 93' lang='lat' dir='ltr'>ln</span> <span class='ocrx_word' id='word_1_93' title='bbox 508 2281 605 2356; x_wconf 88' lang='lat' dir='ltr'>primo</span> <span class='ocrx_word' id='word_1_94' title='bbox 628 2277 712 2339; x_wconf 89' lang='lat' dir='ltr'>lortis</span> <span class='ocrx_word' id='word_1_95' title='bbox 733 2277 833 2342; x_wconf 90' lang='lat' dir='ltr'>limine</span> <span class='ocrx_word' id='word_1_96' title='bbox 854 2278 1019 2347; x_wconf 83' lang='lat' dir='ltr'>Teutoniae;</span> 
     </span>
     <span class='ocr_line' id='line_1_18' title="bbox 369 2378 1189 2458; baseline -0.002 -17"><span class='ocrx_word' id='word_1_97' title='bbox 369 2380 441 2441; x_wconf 86' lang='lat' dir='ltr'>Cum</span> <span class='ocrx_word' id='word_1_98' title='bbox 465 2378 566 2458; x_wconf 91' lang='lat' dir='ltr'>populi</span> <span class='ocrx_word' id='word_1_99' title='bbox 588 2378 677 2439; x_wconf 74' lang='lat' dir='ltr'>tratre</span> <span class='ocrx_word' id='word_1_100' title='bbox 699 2386 815 2458; x_wconf 88' lang='lat' dir='ltr'>partum</span> <span class='ocrx_word' id='word_1_101' title='bbox 839 2381 909 2440; x_wconf 87' lang='lat' dir='ltr'>satis</span> <span class='ocrx_word' id='word_1_102' title='bbox 931 2396 995 2441; x_wconf 85' lang='lat' dir='ltr'>osso</span> <span class='ocrx_word' id='word_1_103' title='bbox 1018 2389 1189 2451; x_wconf 88' lang='lat' dir='ltr'>mouerent,</span> 
     </span>
     <span class='ocr_line' id='line_1_19' title="bbox 342 2468 1174 2543; baseline 0.004 -3"><span class='ocrx_word' id='word_1_104' title='bbox 342 2501 354 2540; x_wconf 81' lang='lat' dir='ltr'>a</span> <span class='ocrx_word' id='word_1_105' title='bbox 455 2468 614 2542; x_wconf 84' lang='lat' dir='ltr'>Grassandi</span> <span class='ocrx_word' id='word_1_106' title='bbox 636 2480 748 2542; x_wconf 85' lang='lat' dir='ltr'>laceret</span> <span class='ocrx_word' id='word_1_107' title='bbox 770 2490 945 2542; x_wconf 83' lang='lat' dir='ltr'>nontamen</span> <span class='ocrx_word' id='word_1_108' title='bbox 967 2479 1015 2541; x_wconf 89' lang='lat' dir='ltr'>ille</span> <span class='ocrx_word' id='word_1_109' title='bbox 1039 2481 1174 2543; x_wconf 87' lang='lat' dir='ltr'>modum:</span> 
     </span>
     <span class='ocr_line' id='line_1_20' title="bbox 369 2581 1106 2660; baseline 0.003 -18"><span class='ocrx_word' id='word_1_110' title='bbox 369 2582 514 2643; x_wconf 83' lang='lat' dir='ltr'>Continuo</span> <span class='ocrx_word' id='word_1_111' title='bbox 537 2582 648 2642; x_wconf 71' lang='lat' dir='ltr'>norae</span> <span class='ocrx_word' id='word_1_112' title='bbox 663 2599 790 2660; x_wconf 85' lang='lat' dir='ltr'>surgens</span> <span class='ocrx_word' id='word_1_113' title='bbox 812 2582 887 2643; x_wconf 88' lang='lat' dir='ltr'>lovis</span> <span class='ocrx_word' id='word_1_114' title='bbox 908 2581 970 2643; x_wconf 84' lang='lat' dir='ltr'>alea</span> <span class='ocrx_word' id='word_1_115' title='bbox 991 2582 1028 2643; x_wconf 89' lang='lat' dir='ltr'>ab</span> <span class='ocrx_word' id='word_1_116' title='bbox 1052 2600 1106 2644; x_wconf 80' lang='lat' dir='ltr'>axe</span> 
     </span>
     <span class='ocr_line' id='line_1_21' title="bbox 453 2682 1189 2765; baseline 0.003 -22"><span class='ocrx_word' id='word_1_117' title='bbox 453 2683 609 2744; x_wconf 81' lang='lat' dir='ltr'>Horrenda</span> <span class='ocrx_word' id='word_1_118' title='bbox 632 2685 661 2744; x_wconf 89' lang='lat' dir='ltr'>iu</span> <span class='ocrx_word' id='word_1_119' title='bbox 685 2682 810 2744; x_wconf 86' lang='lat' dir='ltr'>Venetas</span> <span class='ocrx_word' id='word_1_120' title='bbox 832 2691 926 2744; x_wconf 88' lang='lat' dir='ltr'>morto</span> <span class='ocrx_word' id='word_1_121' title='bbox 944 2682 1067 2762; x_wconf 87' lang='lat' dir='ltr'>repellit</span> <span class='ocrx_word' id='word_1_122' title='bbox 1089 2703 1189 2765; x_wconf 74' lang='lat' dir='ltr'>aquae.</span> 
     </span>
    </p>
   </div>
   <div class='ocr_carea' id='block_1_7' title="bbox 301 2866 929 2926">
    <p class='ocr_par' dir='ltr' id='par_1_9' title="bbox 301 2866 929 2926">
     <span class='ocr_line' id='line_1_22' title="bbox 301 2866 929 2926; baseline -0.01 -2"><span class='ocrx_word' id='word_1_123' title='bbox 301 2866 347 2926; x_wconf 73' lang='lat'>38·</span> <span class='ocrx_word' id='word_1_124' title='bbox 697 2870 745 2918; x_wconf 86' lang='lat' dir='ltr'>DE</span> <span class='ocrx_word' id='word_1_125' title='bbox 765 2870 929 2920; x_wconf 81' lang='lat' dir='ltr'><strong>VENETIS.</strong></span> 
     </span>
    </p>
   </div>
   <div class='ocr_carea' id='block_1_8' title="bbox 343 2987 1307 3576">
    <p class='ocr_par' dir='ltr' id='par_1_10' title="bbox 343 2987 1307 3576">
     <span class='ocr_line' id='line_1_23' title="bbox 369 2987 1307 3067; baseline 0.001 -18"><span class='ocrx_word' id='word_1_126' title='bbox 369 2989 457 3050; x_wconf 83' lang='lat' dir='ltr'>Passa</span> <span class='ocrx_word' id='word_1_127' title='bbox 480 2987 536 3050; x_wconf 87' lang='lat' dir='ltr'>sub</span> <span class='ocrx_word' id='word_1_128' title='bbox 558 2988 665 3065; x_wconf 78' lang='lat' dir='ltr'>Argivo</span> <span class='ocrx_word' id='word_1_129' title='bbox 688 3005 871 3067; x_wconf 77' lang='lat' dir='ltr'>quacunque</span> <span class='ocrx_word' id='word_1_130' title='bbox 893 2991 1113 3066; x_wconf 77' lang='lat' dir='ltr'>Agamemnone</span> <span class='ocrx_word' id='word_1_131' title='bbox 1135 2989 1223 3050; x_wconf 81' lang='lat' dir='ltr'>Troia</span> <span class='ocrx_word' id='word_1_132' title='bbox 1248 2998 1307 3061; x_wconf 83' lang='lat' dir='ltr'>cst,</span> 
     </span>
     <span class='ocr_line' id='line_1_24' title="bbox 454 3087 1154 3161; baseline 0 -11"><span class='ocrx_word' id='word_1_133' title='bbox 454 3089 526 3161; x_wconf 83' lang='lat' dir='ltr'>Quae</span> <span class='ocrx_word' id='word_1_134' title='bbox 548 3088 622 3149; x_wconf 89' lang='lat' dir='ltr'>mala</span> <span class='ocrx_word' id='word_1_135' title='bbox 647 3087 752 3150; x_wconf 75' lang='lat' dir='ltr'>nerino</span> <span class='ocrx_word' id='word_1_136' title='bbox 774 3089 830 3150; x_wconf 91' lang='lat' dir='ltr'>snb</span> <span class='ocrx_word' id='word_1_137' title='bbox 854 3089 928 3151; x_wconf 87' lang='lat' dir='ltr'>duce</span> <span class='ocrx_word' id='word_1_138' title='bbox 951 3089 1053 3152; x_wconf 81' lang='lat' dir='ltr'>Theba</span> <span class='ocrx_word' id='word_1_139' title='bbox 1076 3089 1154 3160; x_wconf 88' lang='lat' dir='ltr'>tulit,</span> 
     </span>
     <span class='ocr_line' id='line_1_25' title="bbox 369 3189 1260 3271; baseline -0.007 -17"><span class='ocrx_word' id='word_1_140' title='bbox 369 3193 439 3264; x_wconf 80' lang='lat' dir='ltr'>Quae</span> <span class='ocrx_word' id='word_1_141' title='bbox 462 3191 608 3267; x_wconf 81' lang='lat' dir='ltr'>Carthago</span> <span class='ocrx_word' id='word_1_142' title='bbox 631 3199 750 3270; x_wconf 87' lang='lat' dir='ltr'>potens,</span> <span class='ocrx_word' id='word_1_143' title='bbox 775 3209 840 3271; x_wconf 74' lang='lat' dir='ltr'>quaa</span> <span class='ocrx_word' id='word_1_144' title='bbox 862 3189 939 3251; x_wconf 87' lang='lat' dir='ltr'>bello</span> <span class='ocrx_word' id='word_1_145' title='bbox 962 3209 1063 3269; x_wconf 88' lang='lat' dir='ltr'>pressa</span> <span class='ocrx_word' id='word_1_146' title='bbox 1086 3190 1260 3260; x_wconf 72' lang='lat' dir='ltr'>Corinthus,</span> 
     </span>
     <span class='ocr_line' id='line_1_26' title="bbox 343 3292 1191 3374; baseline 0.002 -22"><span class='ocrx_word' id='word_1_147' title='bbox 343 3313 355 3352; x_wconf 82' lang='grc' dir='ltr'>ι</span> <span class='ocrx_word' id='word_1_148' title='bbox 456 3294 593 3354; x_wconf 86' lang='lat' dir='ltr'>Saevitum</span> <span class='ocrx_word' id='word_1_149' title='bbox 615 3294 644 3352; x_wconf 94' lang='lat' dir='ltr'>in</span> <span class='ocrx_word' id='word_1_150' title='bbox 668 3292 801 3374; x_wconf 74' lang='lat' dir='ltr'>Solymos</span> <span class='ocrx_word' id='word_1_151' title='bbox 823 3310 882 3371; x_wconf 85' lang='lat' dir='ltr'>quo</span> <span class='ocrx_word' id='word_1_152' title='bbox 905 3294 959 3353; x_wconf 87' lang='lat' dir='ltr'>luit</span> <span class='ocrx_word' id='word_1_153' title='bbox 981 3295 1048 3372; x_wconf 80' lang='lat' dir='ltr'>igne</span> <span class='ocrx_word' id='word_1_154' title='bbox 1070 3293 1191 3363; x_wconf 81' lang='lat' dir='ltr'>domus,</span> 
     </span>
     <span class='ocr_line' id='line_1_27' title="bbox 371 3391 1178 3475; baseline 0.001 -21"><span class='ocrx_word' id='word_1_155' title='bbox 371 3391 486 3475; x_wconf 58' lang='lat' dir='ltr'>litque</span> <span class='ocrx_word' id='word_1_156' title='bbox 509 3393 695 3455; x_wconf 75' lang='lat' dir='ltr'>Alimodaeam</span> <span class='ocrx_word' id='word_1_157' title='bbox 719 3395 877 3474; x_wconf 78' lang='lat' dir='ltr'>prostravit</span> <span class='ocrx_word' id='word_1_158' title='bbox 899 3393 982 3455; x_wconf 88' lang='lat' dir='ltr'>clade</span> <span class='ocrx_word' id='word_1_159' title='bbox 1006 3392 1178 3456; x_wconf 84' lang='lat' dir='ltr'>Damascum</span> 
     </span>
     <span class='ocr_line' id='line_1_28' title="bbox 455 3493 1169 3576; baseline 0 -20"><span class='ocrx_word' id='word_1_160' title='bbox 455 3495 512 3568; x_wconf 86' lang='lat' dir='ltr'>Qui</span> <span class='ocrx_word' id='word_1_161' title='bbox 533 3498 621 3556; x_wconf 89' lang='lat' dir='ltr'>terris</span> <span class='ocrx_word' id='word_1_162' title='bbox 643 3496 779 3576; x_wconf 78' lang='lat' dir='ltr'>Scythico</span> <span class='ocrx_word' id='word_1_163' title='bbox 802 3493 914 3556; x_wconf 88' lang='lat' dir='ltr'>lulmen</span> <span class='ocrx_word' id='word_1_164' title='bbox 938 3495 975 3556; x_wconf 91' lang='lat' dir='ltr'>ab</span> <span class='ocrx_word' id='word_1_165' title='bbox 998 3495 1072 3558; x_wconf 88' lang='lat' dir='ltr'>orbe</span> <span class='ocrx_word' id='word_1_166' title='bbox 1095 3497 1169 3565; x_wconf 89' lang='lat' dir='ltr'>ruit,</span> 
     </span>
    </p>
   </div>
   <div class='ocr_carea' id='block_1_9' title="bbox 169 3631 366 3644">
    <p class='ocr_par' dir='ltr' id='par_1_11' title="bbox 169 3631 366 3644">
     <span class='ocr_line' id='line_1_29' title="bbox 169 3631 366 3644; baseline -0.02 -1"><span class='ocrx_word' id='word_1_167' title='bbox 169 3631 366 3644; x_wconf 87' lang='lat'>...—-——-</span> 
     </span>
    </p>
   </div>
   <div class='ocr_carea' id='block_1_10' title="bbox 122 3713 1465 4799">
    <p class='ocr_par' dir='ltr' id='par_1_12' title="bbox 234 3713 1371 3782">
     <span class='ocr_line' id='line_1_30' title="bbox 234 3713 1371 3782; baseline 0.001 -14"><span class='ocrx_word' id='word_1_168' title='bbox 234 3715 275 3768; x_wconf 82' lang='lat'>30.</span> <span class='ocrx_word' id='word_1_169' title='bbox 305 3713 426 3766; x_wconf 69' lang='lat' dir='ltr'>‘Germ</span> <span class='ocrx_word' id='word_1_170' title='bbox 441 3714 541 3782; x_wconf 72' lang='lat' dir='ltr'>princ]</span> <span class='ocrx_word' id='word_1_171' title='bbox 560 3716 751 3782; x_wconf 77' lang='lat' dir='ltr'>Sigiamundue</span> <span class='ocrx_word' id='word_1_172' title='bbox 769 3718 901 3778; x_wconf 78' lang='lat' dir='ltr'>Austriae,</span> <span class='ocrx_word' id='word_1_173' title='bbox 920 3715 1059 3766; x_wconf 79' lang='lat' dir='ltr'>Friderici</span> <span class='ocrx_word' id='word_1_174' title='bbox 1077 3717 1253 3782; x_wconf 72' lang='lat' dir='ltr'>imperatorio</span> <span class='ocrx_word' id='word_1_175' title='bbox 1273 3718 1371 3770; x_wconf 70' lang='lat' dir='ltr'>irater.</span> 
     </span>
    </p>

    <p class='ocr_par' dir='ltr' id='par_1_13' title="bbox 165 3800 1461 4122">
     <span class='ocr_line' id='line_1_31' title="bbox 233 3800 1458 3868; baseline 0 -17"><span class='ocrx_word' id='word_1_176' title='bbox 233 3800 274 3851; x_wconf 82' lang='grc'>32.</span> <span class='ocrx_word' id='word_1_177' title='bbox 306 3800 497 3867; x_wconf 81' lang='lat' dir='ltr'>Epiprommoto</span> <span class='ocrx_word' id='word_1_178' title='bbox 516 3805 559 3851; x_wconf 82' lang='lat'>32.</span> <span class='ocrx_word' id='word_1_179' title='bbox 568 3803 614 3852; x_wconf 80' lang='lat'>33.</span> <span class='ocrx_word' id='word_1_180' title='bbox 627 3803 697 3852; x_wconf 68' lang='lat' dir='ltr'>orob.</span> <span class='ocrx_word' id='word_1_181' title='bbox 713 3804 739 3852; x_wconf 80' lang='lat'>3.</span> <span class='ocrx_word' id='word_1_182' title='bbox 809 3800 818 3834; x_wconf 90' lang='lat'><strong>¹</strong></span> <span class='ocrx_word' id='word_1_183' title='bbox 838 3801 972 3867; x_wconf 79' lang='lat' dir='ltr'>Osopum,</span> <span class='ocrx_word' id='word_1_184' title='bbox 992 3801 1124 3868; x_wconf 83' lang='lat' dir='ltr'>anpium</span> <span class='ocrx_word' id='word_1_185' title='bbox 1143 3802 1299 3864; x_wconf 75' lang='lat' dir='ltr'>castellum,</span> <span class='ocrx_word' id='word_1_186' title='bbox 1319 3801 1458 3868; x_wconf 76' lang='lat' dir='ltr'>Graupium,</span> 
     </span>
     <span class='ocr_line' id='line_1_32' title="bbox 165 3885 1460 3952; baseline 0.001 -16"><span class='ocrx_word' id='word_1_187' title='bbox 165 3886 303 3952; x_wconf 76' lang='lat' dir='ltr'>hodieque</span> <span class='ocrx_word' id='word_1_188' title='bbox 327 3885 412 3951; x_wconf 80' lang='lat' dir='ltr'>Oropo</span> <span class='ocrx_word' id='word_1_189' title='bbox 436 3886 471 3936; x_wconf 79' lang='lat' dir='ltr'>ad</span> <span class='ocrx_word' id='word_1_190' title='bbox 494 3885 697 3951; x_wconf 75' lang='lat' dir='ltr'>Tilpvemptum</span> <span class='ocrx_word' id='word_1_191' title='bbox 716 3886 741 3935; x_wconf 85' lang='lat' dir='ltr'>fl.</span> <span class='ocrx_word' id='word_1_192' title='bbox 762 3887 790 3935; x_wconf 90' lang='lat' dir='ltr'>in</span> <span class='ocrx_word' id='word_1_193' title='bbox 813 3901 879 3952; x_wconf 85' lang='lat' dir='ltr'>rupe</span> <span class='ocrx_word' id='word_1_194' title='bbox 898 3885 1077 3937; x_wconf 78' lang='lat' dir='ltr'>Caruicerum</span> <span class='ocrx_word' id='word_1_195' title='bbox 1096 3886 1205 3951; x_wconf 80' lang='lat' dir='ltr'>Alpium</span> <span class='ocrx_word' id='word_1_196' title='bbox 1228 3887 1368 3950; x_wconf 69' lang='lat' dir='ltr'>emmena,</span> <span class='ocrx_word' id='word_1_197' title='bbox 1393 3885 1460 3952; x_wconf 89' lang='lat' dir='ltr'>quod</span> 
     </span>
     <span class='ocr_line' id='line_1_33' title="bbox 166 3968 1461 4034; baseline -0.001 -13"><span class='ocrx_word' id='word_1_198' title='bbox 166 3973 239 4024; x_wconf 83' lang='lat' dir='ltr'>inter</span> <span class='ocrx_word' id='word_1_199' title='bbox 256 3971 322 4023; x_wconf 78' lang='lat' dir='ltr'>illae</span> <span class='ocrx_word' id='word_1_200' title='bbox 339 3987 367 4022; x_wconf 79' lang='lat' dir='ltr'>a.</span> <span class='ocrx_word' id='word_1_201' title='bbox 380 3971 455 4022; x_wconf 78' lang='lat'>1514.</span> <span class='ocrx_word' id='word_1_202' title='bbox 469 3971 672 4021; x_wconf 69' lang='lat' dir='ltr'>incursationem</span> <span class='ocrx_word' id='word_1_203' title='bbox 690 3972 856 4022; x_wconf 86' lang='lat' dir='ltr'>Venetorum</span> <span class='ocrx_word' id='word_1_204' title='bbox 876 3971 904 4020; x_wconf 90' lang='lat' dir='ltr'>iu</span> <span class='ocrx_word' id='word_1_205' title='bbox 923 3969 1053 4021; x_wconf 74' lang='lat' dir='ltr'>(lamiam</span> <span class='ocrx_word' id='word_1_206' title='bbox 1071 3985 1157 4034; x_wconf 81' lang='lat' dir='ltr'>aeque</span> <span class='ocrx_word' id='word_1_207' title='bbox 1175 3970 1262 4022; x_wconf 74' lang='lat' dir='ltr'>factio</span> <span class='ocrx_word' id='word_1_208' title='bbox 1274 3968 1461 4022; x_wconf 74' lang='lat' dir='ltr'>Savornianua</span> 
     </span>
     <span class='ocr_line' id='line_1_34' title="bbox 167 4052 1459 4122; baseline -0.002 -15"><span class='ocrx_word' id='word_1_209' title='bbox 167 4062 264 4107; x_wconf 75' lang='lat' dir='ltr'>contra</span> <span class='ocrx_word' id='word_1_210' title='bbox 276 4057 494 4121; x_wconf 76' lang='lat' dir='ltr'>Frangipanium</span> <span class='ocrx_word' id='word_1_211' title='bbox 513 4059 625 4105; x_wconf 78' lang='lat' dir='ltr'>strenue</span> <span class='ocrx_word' id='word_1_212' title='bbox 643 4054 776 4106; x_wconf 78' lang='lat' dir='ltr'>defendit.</span> <span class='ocrx_word' id='word_1_213' title='bbox 829 4054 929 4105; x_wconf 88' lang='lat' dir='ltr'>Venet.</span> <span class='ocrx_word' id='word_1_214' title='bbox 941 4052 999 4122; x_wconf 89' lang='lat' dir='ltr'>leo]</span> <span class='ocrx_word' id='word_1_215' title='bbox 1017 4055 1087 4106; x_wconf 85' lang='lat' dir='ltr'>duce</span> <span class='ocrx_word' id='word_1_216' title='bbox 1105 4062 1163 4105; x_wconf 87' lang='lat' dir='ltr'>tum</span> <span class='ocrx_word' id='word_1_217' title='bbox 1174 4055 1305 4107; x_wconf 77' lang='lat' dir='ltr'>Livium.</span> <span class='ocrx_word' id='word_1_218' title='bbox 1353 4053 1459 4119; x_wconf 70' lang='lat' dir='ltr'>&#39;Any-</span> 
     </span>
    </p>

    <p class='ocr_par' dir='ltr' id='par_1_14' title="bbox 122 4138 1462 4545">
     <span class='ocr_line' id='line_1_35' title="bbox 167 4138 1462 4208; baseline -0.003 -16"><span class='ocrx_word' id='word_1_219' title='bbox 167 4141 222 4192; x_wconf 87' lang='lat' dir='ltr'>clei</span> <span class='ocrx_word' id='word_1_220' title='bbox 242 4143 328 4192; x_wconf 67' lang='lat' dir='ltr'>LM.</span> <span class='ocrx_word' id='word_1_221' title='bbox 348 4139 454 4203; x_wconf 80' lang='lat' dir='ltr'>Amyci.</span> <span class='ocrx_word' id='word_1_222' title='bbox 467 4138 587 4204; x_wconf 68' lang='lat' dir='ltr'>Timon]</span> <span class='ocrx_word' id='word_1_223' title='bbox 605 4144 636 4189; x_wconf 83' lang='lat' dir='ltr'>ut</span> <span class='ocrx_word' id='word_1_224' title='bbox 651 4140 834 4201; x_wconf 79' lang='lat' dir='ltr'>Antenoreae,</span> <span class='ocrx_word' id='word_1_225' title='bbox 852 4140 1004 4206; x_wconf 75' lang='lat' dir='ltr'>Phrygius,</span> <span class='ocrx_word' id='word_1_226' title='bbox 1022 4140 1154 4201; x_wconf 68' lang='lat' dir='ltr'>Ledaeus,</span> <span class='ocrx_word' id='word_1_227' title='bbox 1174 4144 1203 4189; x_wconf 83' lang='lat' dir='ltr'>et</span> <span class='ocrx_word' id='word_1_228' title='bbox 1219 4144 1251 4190; x_wconf 81' lang='lat' dir='ltr'>ut</span> <span class='ocrx_word' id='word_1_229' title='bbox 1269 4140 1355 4208; x_wconf 75' lang='lat' dir='ltr'>Verg.</span> <span class='ocrx_word' id='word_1_230' title='bbox 1369 4156 1462 4206; x_wconf 66' lang='lat' dir='ltr'>georg.</span> 
     </span>
     <span class='ocr_line' id='line_1_36' title="bbox 122 4199 1461 4290; baseline 0 -16"><span class='ocrx_word' id='word_1_231' title='bbox 122 4199 128 4222; x_wconf 45' lang='grc' dir='ltr'>ι</span> <span class='ocrx_word' id='word_1_232' title='bbox 167 4226 218 4276; x_wconf 87' lang='lat'>111.</span> <span class='ocrx_word' id='word_1_233' title='bbox 231 4223 274 4276; x_wconf 73' lang='grc'>89.</span> <span class='ocrx_word' id='word_1_234' title='bbox 292 4223 460 4288; x_wconf 78' lang='lat' dir='ltr'>Amyclaeum</span> <span class='ocrx_word' id='word_1_235' title='bbox 479 4224 550 4273; x_wconf 82' lang='lat' dir='ltr'>lacit</span> <span class='ocrx_word' id='word_1_236' title='bbox 568 4223 718 4287; x_wconf 86' lang='lat' dir='ltr'>Pollucem,</span> <span class='ocrx_word' id='word_1_237' title='bbox 738 4225 816 4274; x_wconf 79' lang='lat' dir='ltr'>cuiue</span> <span class='ocrx_word' id='word_1_238' title='bbox 835 4238 920 4290; x_wconf 82' lang='lat' dir='ltr'>eqnua</span> <span class='ocrx_word' id='word_1_239' title='bbox 939 4224 1065 4290; x_wconf 78' lang='lat' dir='ltr'>Cyllarus</span> <span class='ocrx_word' id='word_1_240' title='bbox 1077 4224 1222 4275; x_wconf 75' lang='lat' dir='ltr'>Timavum</span> <span class='ocrx_word' id='word_1_241' title='bbox 1239 4224 1322 4275; x_wconf 81' lang='lat' dir='ltr'>bibit.</span> <span class='ocrx_word' id='word_1_242' title='bbox 1376 4224 1461 4276; x_wconf 70' lang='lat' dir='ltr'>tuu-</span> 
     </span>
     <span class='ocr_line' id='line_1_37' title="bbox 167 4307 1462 4376; baseline -0.002 -16"><span class='ocrx_word' id='word_1_243' title='bbox 167 4325 243 4371; x_wconf 83' lang='lat' dir='ltr'>nnm,</span> <span class='ocrx_word' id='word_1_244' title='bbox 267 4307 447 4375; x_wconf 75' lang='lat' dir='ltr'>Belgrodnm,</span> <span class='ocrx_word' id='word_1_245' title='bbox 472 4307 744 4372; x_wconf 71' lang='lat' dir='ltr'>montemfalconis,</span> <span class='ocrx_word' id='word_1_246' title='bbox 770 4309 890 4376; x_wconf 75' lang='lat' dir='ltr'>Oropum</span> <span class='ocrx_word' id='word_1_247' title='bbox 914 4309 1027 4375; x_wconf 83' lang='lat' dir='ltr'>aliaque</span> <span class='ocrx_word' id='word_1_248' title='bbox 1051 4309 1114 4360; x_wconf 85' lang='lat' dir='ltr'>loca</span> <span class='ocrx_word' id='word_1_249' title='bbox 1131 4308 1235 4359; x_wconf 82' lang='lat' dir='ltr'>Veneti</span> <span class='ocrx_word' id='word_1_250' title='bbox 1252 4314 1462 4376; x_wconf 69' lang='lat' dir='ltr'>recuperarem,</span> 
     </span>
     <span class='ocr_line' id='line_1_38' title="bbox 166 4392 1462 4460; baseline -0.001 -16"><span class='ocrx_word' id='word_1_251' title='bbox 166 4407 255 4459; x_wconf 80' lang='lat' dir='ltr'>neque</span> <span class='ocrx_word' id='word_1_252' title='bbox 272 4393 386 4445; x_wconf 83' lang='lat' dir='ltr'>multum</span> <span class='ocrx_word' id='word_1_253' title='bbox 405 4392 497 4443; x_wconf 71' lang='lat' dir='ltr'>abfuit</span> <span class='ocrx_word' id='word_1_254' title='bbox 514 4395 580 4458; x_wconf 87' lang='lat' dir='ltr'>quin</span> <span class='ocrx_word' id='word_1_255' title='bbox 596 4393 732 4443; x_wconf 77' lang='lat' dir='ltr'>Livianus</span> <span class='ocrx_word' id='word_1_256' title='bbox 745 4393 881 4444; x_wconf 78' lang='lat' dir='ltr'>Goritiam</span> <span class='ocrx_word' id='word_1_257' title='bbox 900 4409 1007 4459; x_wconf 85' lang='lat' dir='ltr'>quoque</span> <span class='ocrx_word' id='word_1_258' title='bbox 1021 4393 1238 4458; x_wconf 74' lang='lat' dir='ltr'>Gradiacomque</span> <span class='ocrx_word' id='word_1_259' title='bbox 1249 4400 1385 4460; x_wconf 71' lang='lat' dir='ltr'>caperet,</span> <span class='ocrx_word' id='word_1_260' title='bbox 1403 4409 1462 4444; x_wconf 86' lang='lat' dir='ltr'>cum</span> 
     </span>
     <span class='ocr_line' id='line_1_39' title="bbox 167 4477 1144 4545; baseline 0 -18"><span class='ocrx_word' id='word_1_261' title='bbox 167 4478 314 4530; x_wconf 71' lang='lat' dir='ltr'>Patavium</span> <span class='ocrx_word' id='word_1_262' title='bbox 332 4494 395 4529; x_wconf 84' lang='lat' dir='ltr'>aeae</span> <span class='ocrx_word' id='word_1_263' title='bbox 413 4479 565 4544; x_wconf 81' lang='lat' dir='ltr'>reciperet,</span> <span class='ocrx_word' id='word_1_264' title='bbox 583 4493 636 4528; x_wconf 86' lang='lat' dir='ltr'>neo</span> <span class='ocrx_word' id='word_1_265' title='bbox 654 4477 736 4544; x_wconf 80' lang='lat' dir='ltr'>longe</span> <span class='ocrx_word' id='word_1_266' title='bbox 754 4485 818 4545; x_wconf 86' lang='lat' dir='ltr'>poat</span> <span class='ocrx_word' id='word_1_267' title='bbox 834 4478 1001 4545; x_wconf 77' lang='lat' dir='ltr'>Rhodigium</span> <span class='ocrx_word' id='word_1_268' title='bbox 1019 4481 1144 4544; x_wconf 77' lang='lat' dir='ltr'>ceperat.</span> 
     </span>
    </p>

    <p class='ocr_par' dir='ltr' id='par_1_15' title="bbox 154 4560 1465 4799">
     <span class='ocr_line' id='line_1_40' title="bbox 234 4560 1462 4629; baseline -0.002 -15"><span class='ocrx_word' id='word_1_269' title='bbox 234 4560 276 4613; x_wconf 77' lang='grc'>33.</span> <span class='ocrx_word' id='word_1_270' title='bbox 304 4561 438 4614; x_wconf 68' lang='lat' dir='ltr'>‘Thebae</span> <span class='ocrx_word' id='word_1_271' title='bbox 450 4563 584 4614; x_wconf 82' lang='lat' dir='ltr'>Boeoticee</span> <span class='ocrx_word' id='word_1_272' title='bbox 597 4562 633 4612; x_wconf 72' lang='lat' dir='ltr'>ab</span> <span class='ocrx_word' id='word_1_273' title='bbox 646 4560 852 4614; x_wconf 72' lang='lat' dir='ltr'>Alexandrou.</span> <span class='ocrx_word' id='word_1_274' title='bbox 867 4577 982 4614; x_wconf 65' lang='lat' dir='ltr'>ereren.</span> <span class='ocrx_word' id='word_1_275' title='bbox 1035 4560 1235 4629; x_wconf 67' lang='lat' dir='ltr'>⁸Alimedetrn</span> <span class='ocrx_word' id='word_1_276' title='bbox 1248 4565 1273 4613; x_wconf 80' lang='lat'>1.</span> <span class='ocrx_word' id='word_1_277' title='bbox 1287 4562 1462 4614; x_wconf 68' lang='lat' dir='ltr'>ldimedoeam</span> 
     </span>
     <span class='ocr_line' id='line_1_41' title="bbox 154 4646 1465 4712; baseline 0.002 -17"><span class='ocrx_word' id='word_1_278' title='bbox 154 4647 227 4709; x_wconf 72' lang='lat'><em>.²·¹·</em></span> <span class='ocrx_word' id='word_1_279' title='bbox 244 4647 401 4699; x_wconf 71' lang='lat' dir='ltr'>Damascus</span> <span class='ocrx_word' id='word_1_280' title='bbox 419 4663 452 4698; x_wconf 84' lang='lat' dir='ltr'>ex</span> <span class='ocrx_word' id='word_1_281' title='bbox 470 4646 659 4698; x_wconf 86' lang='lat' dir='ltr'>nonnullorum</span> <span class='ocrx_word' id='word_1_282' title='bbox 678 4647 806 4712; x_wconf 87' lang='lat' dir='ltr'>opinione</span> <span class='ocrx_word' id='word_1_283' title='bbox 826 4646 940 4697; x_wconf 79' lang='lat' dir='ltr'>condita</span> <span class='ocrx_word' id='word_1_284' title='bbox 957 4652 1018 4699; x_wconf 77' lang='lat' dir='ltr'>eret</span> <span class='ocrx_word' id='word_1_285' title='bbox 1036 4663 1053 4698; x_wconf 75' lang='grc' dir='ltr'>ι</span> <span class='ocrx_word' id='word_1_286' title='bbox 1066 4647 1205 4699; x_wconf 69' lang='lat' dir='ltr'>Damasco</span> <span class='ocrx_word' id='word_1_287' title='bbox 1216 4646 1351 4699; x_wconf 72' lang='lat' dir='ltr'>Mercurii</span> <span class='ocrx_word' id='word_1_288' title='bbox 1369 4647 1465 4698; x_wconf 69' lang='lat' dir='ltr'>etna·</span> 
     </span>
     <span class='ocr_line' id='line_1_42' title="bbox 167 4720 1464 4799; baseline 0.005 -21"><span class='ocrx_word' id='word_1_289' title='bbox 167 4727 277 4779; x_wconf 69' lang='lat' dir='ltr'>limedn</span> <span class='ocrx_word' id='word_1_290' title='bbox 295 4728 362 4780; x_wconf 82' lang='lat' dir='ltr'>lilio.</span> <span class='ocrx_word' id='word_1_291' title='bbox 381 4730 476 4797; x_wconf 76' lang='lat' dir='ltr'>steph.</span> <span class='ocrx_word' id='word_1_292' title='bbox 488 4730 554 4793; x_wconf 72' lang='lat' dir='ltr'>Byr.</span> <span class='ocrx_word' id='word_1_293' title='bbox 567 4745 595 4795; x_wconf 87' lang='lat' dir='ltr'>p.</span> <span class='ocrx_word' id='word_1_294' title='bbox 607 4728 668 4793; x_wconf 74' lang='lat'>217,</span> <span class='ocrx_word' id='word_1_295' title='bbox 678 4740 709 4781; x_wconf 83' lang='lat' dir='ltr'>ra.</span> <span class='ocrx_word' id='word_1_296' title='bbox 722 4731 808 4784; x_wconf 83' lang='lat' dir='ltr'>blein.</span> <span class='ocrx_word' id='word_1_297' title='bbox 826 4722 984 4797; x_wconf 61' lang='lat' dir='ltr'>duapondo</span> <span class='ocrx_word' id='word_1_298' title='bbox 997 4757 1029 4766; x_wconf 97' lang='lat'><em>-</em></span> <span class='ocrx_word' id='word_1_299' title='bbox 1041 4720 1089 4784; x_wconf 74' lang='grc' dir='ltr'>ὅτι</span> <span class='ocrx_word' id='word_1_300' title='bbox 1099 4724 1256 4798; x_wconf 67' lang='grc' dir='ltr'>Διψακὸς</span> <span class='ocrx_word' id='word_1_301' title='bbox 1270 4722 1380 4799; x_wconf 60' lang='lat' dir='ltr'>‘moa</span> <span class='ocrx_word' id='word_1_302' title='bbox 1395 4734 1464 4792; x_wconf 68' lang='grc' dir='ltr'>καῖε</span> 
     </span>
    </p>
   </div>
   <div class='ocr_carea' id='block_1_11' title="bbox 0 0 1654 5354">
    <p class='ocr_par' dir='ltr' id='par_1_16' title="bbox 0 0 1654 5354">
     <span class='ocr_line' id='line_1_43' title="bbox 0 0 1654 5354; baseline 0 0"><span class='ocrx_word' id='word_1_303' title='bbox 0 0 1654 5354; x_wconf 95' lang='lat' dir='ltr'> </span> 
     </span>
    </p>
   </div>
  </div>
 </body>
</html>
