3270 5354
259 356 331 426 544
365 369 604 420 subnubilat)
617 369 699 421 VOL.
713 369 734 420 1.
753 365 831 420 xxvi
844 383 927 419 cnori
936 379 1072 419 serenan
1082 381 1281 419 urrisu-nu
1293 385 1316 420 r.
1323 384 1548 424 ricimannus.

258 544 466 600 inclamantem
489 540 609 598 debitum
633 542 743 598 nomine
766 558 842 604 meo,
865 559 920 598 uon
952 551 1008 598 tuo.
1053 542 1089 597 Ex
1113 542 1212 601 Graecis
1235 542 1303 599 nibil
1327 560 1422 602 secum
1445 545 1547 602 adrexit

258 628 393 702 Georgius
416 627 449 684 ad
471 634 581 683 nostras
603 627 757 695 nondinis!
771 627 844 683 domi
869 636 956 683 tamen
981 626 1061 682 babet
1084 644 1263 701 quoscunque
1285 636 1415 685 auctores
1438 629 1488 686 tibi
1502 647 1547 687 uu·

258 730 307 788 per
330 713 358 767 iu
387 712 504 786 quodam
534 712 621 768 iudice
650 712 749 768 notari.
794 712 907 768 loannes
936 710 1106 785 llerbipolita
1135 712 1215 768 rediit
1242 711 1276 769 ab
1299 712 1376 769 Ubiis
1402 715 1548 772 comitatus

257 796 357 871 insigni
385 813 484 871 pompa
511 795 693 853 Baldistarum
722 806 750 852 ct
776 795 1019 858 Bartbolistarum.
1044 813 1105 852 nam
1135 814 1226 853 musas
1256 797 1431 871 dedignatur.
1476 799 1547 856 llurre

256 890 317 940 ante
346 880 406 938 dies
435 881 456 937 X
484 881 651 955 lloguntiam
680 881 949 955 praetcrgredientcm
978 880 1106 937 Erasmus
1134 881 1350 945 ltoterodamus‚
1380 899 1462 957 quern
1490 883 1566 940 ior-s

256 976 320 1023 tuna
343 975 400 1022 tum
424 967 546 1029 adrexit,
569 964 728 1040 alloquutus
750 973 793 1022 est
815 975 842 1022 et
863 983 896 1021 ex
910 965 1008 1022 lloller
1030 966 1095 1021 lecit
1109 965 1231 1037 lliliuml
1252 967 1428 1042 signavitque
1450 970 1479 1024 iu
1499 985 1546 1043 pu·

256 1050 345 1125 gillnri
370 1050 442 1107 iuter
465 1050 550 1121 suos!
566 1052 688 1124 quamvis
713 1050 759 1106 ille
782 1067 880 1107 nomen
904 1068 958 1107 nou
982 1050 1113 1107 admittit:
1129 1052 1300 1125 contempnit
1321 1051 1429 1110 scilicet
1443 1055 1547 1126 ingesta

255 1134 397 1210 magnilica
420 1153 474 1191 non
497 1135 587 1191 urinus
610 1152 689 1209 quam
707 1135 879 1191 llcrebordus
904 1144 976 1191 tuus.
1011 1134 1111 1191 Scribit
1139 1136 1205 1192 mibi
1227 1136 1295 1191 mira
1317 1136 1351 1193 de
1372 1136 1435 1194 eius
1457 1137 1547 1195 bunia·

254 1222 340 1277 nitate
362 1228 390 1276 et
412 1221 570 1295 eloquentia
598 1219 793 1293 extemporum
821 1219 921 1276 llultos
944 1220 977 1275 de
999 1219 1110 1275 Erasmo
1134 1220 1313 1294 praedicantes
1335 1221 1435 1278 audiri.
1473 1222 1547 1282 busi-

255 1314 314 1361 taut
336 1307 362 1361 in
392 1305 598 1380 interpretando
627 1322 716 1360 mores
739 1303 814 1359 illius
836 1304 942 1365 ciuiles.
974 1304 1183 1367 humanitatem.
1214 1305 1414 1369 affabilitatem.
1436 1307 1576 1364 conuiuas

255 1399 309 1446 tem
331 1398 359 1445 et
381 1390 533 1447 facundiam
555 1397 723 1452 nestorearu3
746 1388 910 1446 ltcucbliuus
933 1397 960 1444 ct
974 1389 1105 1446 llusebius
1128 1389 1324 1447 obmutuerunt
1346 1389 1394 1447 illo
1418 1389 1546 1466 loquente

254 1491 325 1531 auno
348 1475 520 1549 precedente
543 1474 687 1547 llaguntiae
710 1482 781 1530 teste
803 1474 929 1531 llutbeuo
953 1491 1023 1530 meo.
1066 1474 1162 1530 Nescio
1185 1491 1240 1548 quo
1262 1482 1370 1549 pergat.
1393 1492 1492 1550 quaero
1513 1476 1545 1534 ab

254 1558 432 1633 llerbipolita.
469 1560 541 1615 lorte
564 1558 672 1615 eoutcrt
694 1576 723 1615 se
746 1559 778 1614 ad
801 1559 954 1633 Principem
975 1557 1105 1614 llarolum
1127 1559 1357 1632 Burgundionum.
1409 1574 1420 1591 ·

340 1643 430 1703 Vuldae
452 1644 608 1719 raptissime
630 1643 671 1699 lll.
687 1642 743 1700 Eid.
760 1643 837 1699 lunii.
882 1643 945 1699 Vale
968 1652 995 1700 et
1016 1643 1108 1716 cogita
1130 1643 1231 1717 aliquid
1254 1644 1288 1700 de
1309 1644 1394 1701 rebus
1415 1645 1494 1702 meis.

337 1729 455 1787 llutuavi
470 1745 559 1803 nuper
573 1727 718 1785 benedicto
740 1737 787 1785 tuo
808 1745 937 1785 coronam
953 1727 1079 1785 Gallicam
1100 1745 1155 1784 non
1176 1729 1291 1785 comode
1314 1729 1416 1786 valenti
1438 1739 1577 1805 perron-tt

254 1823 312 1871 tare
333 1813 361 1870 iu
386 1823 502 1888 argento
527 1830 639 1870 aureum
665 1830 763 1874 unum.
793 1814 914 1888 quamvis
936 1831 991 1870 nou
1014 1821 1073 1870 erat
1095 1831 1158 1888 spes
1181 1813 1312 1870 solvendi.
1356 1812 1427 1871 llala
1448 1814 1548 1888 hebal

253 1899 346 1956 nescio
370 1898 459 1973 siquid
482 1899 592 1955 sciverit
614 1915 646 1955 ex
668 1891 757 1955 verbis
780 1899 899 1956 l'borun.

1354 1984 1467 2042 Gratus.

438 2067 637 2142 [lrrscrr'ptior]
657 2069 698 2124 ud
719 2069 874 2126 llunrmlum
897 2069 1045 2126 llutiauuru

659 2154 745 2210 totius
768 2155 938 2229 antiquitatis
960 2154 1116 2211 consultum

656 2238 861 2313 tranquillitatis
884 2247 987 2314 patrum

658 2325 780 2382 Amicum
802 2324 926 2381 sanctiss.

759 2409 825 2466 Crot

1002 2559 1049 2566 --4-

252 2662 317 2728 Pap.
330 2659 374 2712 43.
387 2661 409 2724 5.
423 2660 464 2713 32.
477 2663 526 2712 iarn
543 2661 598 2712 daec
616 2662 764 2712 adnotanda
781 2669 853 2711 aunt:

323 2783 498 2848 Vigilantiam,
522 2796 593 2848 quem
615 2784 728 2847 aquales
745 2781 856 2830 homines
878 2780 973 2830 eruditi
988 2780 1118 2843 magnifice
1139 2778 1311 2845 suspiciebant
1326 2782 1480 2848 mirque
1496 2783 1548 2832 latr-

250 2867 323 2918 rir'bus
340 2868 495 2934 efferebant,
517 2866 592 2917 bodie
613 2881 704 2930 parum
727 2882 807 2932 neque
827 2866 886 2929 sere
909 2867 959 2915 urbi
980 2881 1016 2915 ex
1033 2863 1175 2916 Becmanni
1193 2866 1329 2931 farragine
1354 2866 1388 2917 de
1405 2868 1548 2917 mm

250 2954 414 3004 universitate
435 2952 564 3003 Viadru'na
586 2958 706 3014 congesta
729 2952 849 3000 litteratis
866 2952 928 2999 uir-is
950 2951 1074 3015 cognitum
1097 2966 1153 3000 esse
1176 2966 1225 3001 non
1247 2949 1383 3001 mirabitur
1404 2954 1452 3017 qui
1468 2951 1548 3016 ptores

249 3041 388 3102 proectaroe
406 3037 498 3088 indoles
515 3037 669 3094 ictusictus,
693 3051 742 3086 narr
764 3036 892 3097 fructuum
910 3036 1011 3085 uberaun
1028 3036 1152 3098 integram
1169 3037 1267 3100 copiam
1284 3028 1385 3086 sceiere
1401 3051 1450 3087 sara
1467 3040 1547 3088 lam·

250 3137 303 3182 nes,
321 3139 375 3174 cun
396 3125 507 3172 iuuenem
528 3123 628 3186 inipso
645 3121 811 3184 oetatullore
829 3121 987 3176 occiderent.
1009 3123 1100 3169 rursm
1118 3120 1441 3175 numerauimus.
1462 3137 1548 3188 patres

250 3207 380 3274 Acunpioe
396 3209 496 3271 scripta
518 3213 655 3271 supersunt
677 3220 758 3271 eaque
781 3208 882 3254 inuenta
905 3205 1062 3269 difficillima.
1085 3205 1241 3270 spicilegium
1263 3206 1364 3271 itaque,
1388 3207 1461 3273 quod
1480 3222 1545 3257 mc

250 3294 315 3344 dare
330 3305 446 3356 possum,
466 3308 517 3342 uon
534 3291 621 3341 dubito
640 3291 749 3340 Hatteni
765 3306 869 3355 opernm
886 3291 1008 3341 studiosis
1024 3296 1124 3355 pratum
1138 3290 1209 3353 sore.

317 3383 342 3433 Ε
353 3383 418 3434 libro
431 3381 475 3446 (²8
487 3382 577 3434 folior.
592 3383 620 3432 in
633 3382 681 3447 4⁰.)
694 3385 735 3433 rui
751 3383 899 3432 inscribitur·
916 3393 1049 3435 nuenton
1064 3393 1339 3437 mouumentum
1354 3394 1377 3437 Δ
1390 3381 1473 3451 mino
1484 3384 1545 3436 Ios·

249 3460 339 3511 chime
358 3459 403 3512 Se.
422 3460 473 3512 Ro.
491 3461 540 3511 Im.
560 3461 635 3526 Sept.
649 3461 686 3511 vi.
700 3456 868 3524 Marchiolne
891 3459 1159 3525 Brandeuburgensr.
1177 3458 1201 3510 dr
1216 3459 1353 3511 Heinrico
1368 3459 1543 3527 bie-lgnopo

249 3545 337 3596 litauo
361 3545 432 3595 duce
455 3544 618 3610 Nouirnpini
642 3543 805 3610 collebratu.
822 3541 845 3592 dr
864 3559 880 3592 a
897 3543 928 3592 Ρ.
948 3543 1102 3608 vigilantio
1124 3543 1282 3610 las-ltinitsti
1306 3545 1420 3596 donata.
1445 3545 1542 3609 Auno!

249 3626 295 3681 diii
314 3631 376 3681 XII.
390 3627 444 3695 sup.
457 3628 494 3681 bl.
508 3629 543 3679 D.
567 3629 660 3695 (Infra
677 3631 809 3693 insignium
827 3630 983 3692 depictorum
1006 3630 1158 3717 puqdratasn
1180 3628 1318 3693 salutm)
1341 3644 1421 3681 norro
1440 3644 1543 3681 norrun

317 3799 499 3866 ¹grecie1S.
552 3798 563 3831 1
582 3798 628 3866 ab]
649 3804 687 3851 sic
704 3815 774 3850 corr.
786 3815 837 3864 pro
854 3799 937 3849 deleto
957 3814 990 3848 ex
1007 3803 1058 3848 las.
1115 3795 1186 3849 ⁴De
1204 3802 1328 3864 temporo
1345 3813 1444 3864 perum
1463 3814 1544 3851 secu·

248 3891 310 3936 rate
333 3885 420 3935 refert
443 3885 554 3936 Crotus:
579 3885 623 3935 die
644 3884 741 3935 l.1un.
762 3901 786 3934 a.
803 3883 876 3933 1515.
895 3885 1026 3935 Erasmus
1049 3885 1104 3934 iam
1126 3884 1286 3949 Autverpiae
1309 3883 1425 3949 scripsit
1447 3884 1545 3934 loanni

249 3970 381 4036 Sylrsgio
405 3970 548 4032 ,standum
572 3970 692 4036 explicui
715 3985 757 4019 me
782 3984 796 4018 e
820 3968 962 4020 laboribus
984 3967 1189 4018 Basilionsibus
1208 3971 1253 4018 ...”
1322 3970 1427 4022 i.e.e.c
1450 3969 1546 4020 Mulier

249 4056 281 4120 (s.
296 4052 404 4119 Mo'ller)
426 4056 490 4118 fecit
508 4054 621 4119 Multum.
641 4054 683 4105 cf.
696 4053 750 4104 rol.
763 4054 784 4103 l.
798 4070 824 4118 p.
838 4053 881 4103 et.
895 4069 967 4102 num.
981 4053 1043 4102 XII.
1056 4068 1118 4104 cum
1138 4052 1254 4104 addend.
1268 4052 1305 4104 ad
1321 4052 1349 4103 b.
1362 4051 1381 4103 l.
1396 4054 1425 4103 in
1444 4053 1500 4104 rol.
1513 4054 1545 4103 V.

248 4157 275 4206 p.
288 4139 346 4191 513.
371 4139 503 4190 adhunc
522 4140 619 4190 Ioann.
638 4139 751 4203 Mylium
774 4137 1019 4204 Herbipolitauum
1043 4137 1189 4205 conplures
1213 4136 1340 4204 epistolae
1363 4139 1546 4204 carminaque

248 4225 378 4291 leguntur
401 4225 430 4273 in
449 4223 603 4274 camerarii
621 4222 721 4275 Libell.
741 4222 789 4273 alt.
809 4222 943 4288 epistolas
968 4223 1112 4290 compleat.
1131 4223 1242 4274 Eobsni
1264 4227 1293 4272 et
1315 4221 1444 4274 alionum.
1471 4225 1546 4290 Lips.

250 4309 322 4361 1557.
336 4308 373 4359 8⁰.
426 4309 437 4341 1
455 4309 632 4360 Herebordus
649 4309 818 4374 Margaritae
836 4307 930 4371 Ictus,
950 4308 1075 4359 Mutiano
1094 4308 1290 4369 amicissimus,
1311 4307 1346 4357 sd
1366 4322 1448 4373 quem
1467 4308 1546 4359 nutus

248 4395 382 4461 epistolas
395 4395 541 4461 conplures
555 4394 667 4444 exbibet
679 4395 763 4444 etiam
776 4392 929 4443 Camerarii
941 4393 1067 4444 Libellus
1079 4408 1175 4443 novus.
1194 4393 1259 4457 Lps.
1274 4389 1349 4443 15118.
1363 4392 1401 4444 81.
1448 4393 1461 4425 1
1480 4395 1545 4443 Pras·

247 4486 312 4530 ctum
329 4488 389 4530 ante
407 4479 508 4530 Multos
526 4496 572 4545 epo
590 4481 689 4530 addidi.
746 4477 769 4511 ¹⁰
786 4476 959 4544 interptaudo
977 4483 1028 4528 MS.
1083 4477 1103 4511 11
1121 4477 1266 4543 Magantia
1284 4481 1336 4528 HS.
1402 4475 1544 4543 Hntbeno]

249 4565 289 4628 Cf.
301 4568 344 4615 cit.
360 4566 435 4616 Hutt.
448 4568 483 4615 ad
501 4566 591 4616 Furiis.
605 4567 681 4630 epist.
746 4580 830 4630 quero
847 4569 898 4617 MS,
962 4564 983 4599 ¹⁸
1000 4561 1172 4629 Principem]
1186 4563 1241 4626 feci
1257 4579 1294 4614 eac
1312 4563 1334 4613 P
1354 4566 1406 4611 HS.
1465 4562 1545 4613 Eras-

246 4665 300 4699 mus
317 4649 425 4700 Basilea
446 4655 472 4702 in
490 4652 608 4717 Angitiam
629 4657 679 4701 tum
701 4651 888 4704 revertebatur.
959 4647 980 4681 ¹⁴
997 4648 1086 4699 Vulde
1104 4652 1155 4697 HS.
1226 4644 1249 4679 11
1266 4646 1310 4698 111
1327 4647 1382 4698 Eid
1399 4648 1482 4699 Iunii.
1495 4650 1544 4701 IS.

249 4732 361 4784 comode
381 4739 432 4786 MS.
