3270 5354
574 372 695 406 ttvrrttttt
710 372 738 406 lii
753 372 865 407 onustos
880 372 1066 414 QVRRELABVH
1080 373 1163 407 trunti
1178 373 1287 407 rumve.

783 613 932 687 [Elepio
962 613 1064 687 IIII.)

694 732 742 781 no
763 730 973 781 roncruuvu
991 732 1157 782 uroeuun

673 836 896 879 COLLEGIATVM
912 800 1181 879 Rosuocfltuusuu.

481 955 524 1015 Tu
548 973 682 1032 qnoque,
706 954 856 1014 Pomerias
879 953 1003 1014 celebris
1025 953 1171 1014 ioachinre
1194 972 1247 1033 per
1270 972 1352 1023 oras,

565 1056 601 1116 Et
623 1054 705 1116 titulo
729 1061 757 1115 et
778 1074 878 1115 rernm
901 1056 1030 1133 pondere
1054 1073 1159 1115 nornen
1183 1055 1308 1122 hahens,

482 1159 609 1220 nosnos
631 1158 776 1218 iiuttenus
800 1157 945 1217 fortunam
968 1163 1105 1236 expertus
1128 1159 1255 1237 iniquam

445 1285 456 1323 r
567 1261 602 1321 Et
624 1260 699 1319 male
722 1258 838 1319 sublimi
861 1267 959 1320 trusus
981 1260 1016 1320 ad
1039 1262 1096 1320 irna
1119 1259 1198 1328 loco,

481 1362 598 1432 Nudus,
623 1379 727 1441 egens,
751 1380 855 1440 expes,
880 1361 1027 1431 desertus,
1052 1361 1183 1422 febribus
1206 1369 1287 1422 ustus
1319 1391 1321 1394 ·

566 1463 702 1541 Confugit
723 1471 790 1525 onte
813 1463 927 1533 oeulos,
951 1463 1047 1524 littora
1071 1466 1248 1531 risu-tuos:

482 1569 529 1628 Sic
552 1567 657 1646 aliquis
679 1566 767 1642 longo
791 1565 913 1626 iossotus
936 1568 1029 1626 navita
1052 1575 1157 1645 ponto,

443 1692 455 1731 e
565 1669 649 1742 Quod
672 1670 742 1729 vidit
764 1670 859 1746 primo
883 1667 1006 1736 iumine,
1031 1668 1112 1730 littus
1129 1650 1206 1732 odii:

481 1771 524 1832 Te
546 1772 616 1832 mihi
638 1774 787 1850 precipue
809 1788 915 1848 magno
938 1771 1011 1830 ruite
1033 1770 1135 1848 vulgus
1158 1771 1270 1831 honore

565 1873 688 1943 Extulit,
713 1881 742 1934 et
764 1874 848 1933 tame
871 1880 914 1933 ost
936 1875 1018 1950 copia
1043 1871 1165 1952 pulchra
1188 1881 1252 1941 tue,

482 1977 576 2055 hique
599 1975 703 2055 aliquis
725 1976 795 2035 die-it
818 1975 919 2035 ‘i‘reee
933 1973 965 2035 'si
987 1973 1147 2052 pulsaveris
1170 1976 1272 2042 istum,

432 2102 454 2142 rr
563 2078 665 2139 ‘Mittet
687 2096 774 2156 operu
797 2077 870 2137 rotis
890 2074 1087 2154 auxiliumque
1110 2078 1201 2137 ieret'.

482 2180 547 2242 Non
571 2188 682 2241 temere
705 2179 818 2249 scribo,
842 2179 906 2240 netis
928 2197 1086 2259 persuasus
1110 2181 1226 2248 amieis;

567 2282 629 2344 Neo
651 2289 747 2341 moret
768 2283 917 2359 ingenium
941 2300 1026 2342 causa
1049 2282 1163 2341 sinistra
1187 2302 1298 2343 nrounr:

481 2386 577 2447 invide
602 2391 759 2464 paupertas
781 2391 867 2462 atque
891 2382 952 2442 hue
975 2383 1108 2444 violentia
1131 2383 1228 2443 morbi

434 2510 456 2550 n
563 2488 666 2548 Nonne
689 2486 766 2546 riros
788 2494 909 2564 possent
930 2484 1085 2546 sollicitare
1108 2486 1238 2561 groveis‘t

482 2588 611 2667 Tempus
634 2595 694 2648 erut
718 2606 777 2666 quo
800 2606 846 2648 rne
869 2586 1041 2648 ciernentior
1064 2606 1134 2649 aura
1158 2586 1288 2653 terebat,

567 2689 631 2761 Quo
656 2690 735 2749 careri
758 2687 863 2749 ntorho
886 2692 1086 2782 pauperieque
1107 2707 1187 2751 rnoa:

481 2793 564 2852 Tunc
587 2791 660 2852 alios
683 2793 769 2851 etiarn
784 2793 902 2869 privata
925 2799 1004 2851 sorte
1027 2791 1176 2863 iuvabant,

431 2915 455 2954 eo
564 2893 600 2953 Et
623 2892 695 2952 nuili
718 2899 850 2953 nostruin
874 2892 966 2953 defuit
989 2892 1140 2954 arrxiliunr:

482 2996 552 3068 Ouae
575 2996 630 3055 tuit
652 2996 681 3054 in
704 2994 788 3055 nohis
810 2998 903 3073 pietas
926 2996 964 3067 tte
986 2997 1112 3074 preestita
1136 2994 1247 3062 inuitis,

565 3098 634 3158 Haeo
658 3104 770 3156 moreat
792 3095 903 3166 vultus,
927 3115 943 3155 o
965 3097 1126 3164 iourhinre,
1151 3105 1230 3165 tuos,

482 3189 586 3280 Sisque
610 3198 680 3258 inihi
703 3198 793 3259 iaciiis
815 3198 954 3275 precibus
976 3216 1133 3277 persuasus
1155 3198 1300 3257 honestis:

432 3323 455 3363 er
567 3300 691 3360 Dextera
715 3299 767 3361 suh
791 3303 892 3380 quovis
915 3300 1011 3360 iudice
1034 3317 1206 3359 cuusernea
1230 3304 1289 3358 est:

483 3403 547 3463 Nou
571 3401 660 3470 mihi,
683 3402 765 3479 siqua
788 3402 856 3469 init,
881 3400 1009 3461 ludendo
1031 3399 1144 3479 perdito
1168 3419 1216 3460 res
1239 3407 1296 3469 est,

568 3504 641 3562 Curn
664 3500 739 3561 foret
762 3501 796 3561 od
820 3503 941 3580 cupidus
963 3501 1025 3561 olen
1047 3502 1119 3560 iacta
1143 3519 1260 3568 nranus;

351 3773 392 3823 Ad
411 3773 482 3823 huno
501 3773 703 3836 Nigemunnum
721 3787 774 3821 non
794 3773 847 3822 nini
867 3789 899 3823 ex
917 3773 970 3821 hoo
988 3770 1168 3832 Quereiarum
1192 3773 1262 3822 libro
1286 3774 1368 3824 nobis
1395 3784 1501 3830 notum
1520 3783 1591 3833 Hut-

283 3863 364 3907 tenuo
387 3858 471 3907 etiam
495 3855 677 3905 tetrastichon
702 3870 799 3905 nonum
822 3858 946 3922 scripsit,
972 3855 1042 3920 quod
1066 3855 1187 3906 dedimus
1207 3857 1259 3906 vol.
1274 3857 1295 3906 1.
1309 3874 1335 3922 p.
1353 3859 1395 3911 1⁸2.
1474 3865 1552 3930 Rufi,
1567 3872 1590 3917 1,

284 3941 292 3974 ¹
311 3941 363 4007 Tu]
383 3941 517 3991 LitteraT
531 3940 661 3988 miniutori
672 3941 833 4004 adpinpenda
845 3944 936 3990 relicta
948 3947 985 3988 est
999 3941 1024 3988 in
1039 3942 1060 3988 1.
1107 3939 1117 3970 ³
1136 3939 1265 4006 Musious]
1285 3941 1328 3991 De
1342 3951 1435 4008 poeta
1447 3959 1592 4018 usurpant

286 4028 370 4075 etiarn
389 4030 498 4074 veteres
516 4024 627 4087 eaepius.
680 4022 690 4052 ⁶
709 4040 805 4088 exspes
818 4029 842 4073 2.
856 4041 913 4090 sqq.
967 4024 977 4053 ⁶
996 4025 1267 4083 tittrro1.3.iittoru,
1287 4034 1312 4074 ut
1333 4037 1384 4079 oet.
1399 4050 1473 4084 enon.
1488 4039 1516 4086 in
1535 4054 1591 4096 suo,

285 4127 350 4159 nune
361 4125 415 4159 meo
428 4112 546 4173 exempto
559 4112 685 4168 correxit,
698 4110 801 4170 scripsit
814 4112 840 4156 2.
853 4115 877 4156 et
890 4111 1029 4166 adirotovit,
1043 4115 1132 4170 aperte
1144 4108 1239 4159 littora
1251 4112 1332 4161 seo-ibi
1344 4116 1457 4175 debere,
1474 4130 1501 4171 et
1515 4127 1594 4173 euertit

286 4193 409 4257 ,Zultucitt
421 4193 492 4242 errent
503 4209 534 4242 er
546 4192 593 4254 hep
606 4194 656 4253 (tir,
675 4193 724 4249 dir,
744 4193 798 4239 dero
811 4189 949 4240 erh'h'rkten
969 4192 1071 4239 Gesturi
1090 4191 1178 4256 [quusi
1193 4212 1243 4257 per
1260 4200 1344 4247 moria
1363 4203 1485 4255 iactatus
1499 4208 1592 4268 Laud,

284 4278 377 4327 Laud!
395 4273 593 4340 exclmoetj„
617 4277 676 4339 Ipse
695 4291 801 4340 puroque,
815 4283 924 4339 propter
936 4293 958 4324 n.
972 4277 996 4322 8.
1015 4282 1122 4323 veterem
1140 4278 1205 4326 ilium
1217 4297 1312 4328 erronum
1324 4299 1436 4349 sequor,
1458 4293 1596 4342 cummihi

282 4358 456 4426 pererrareiim
474 4378 528 4411 eam
541 4361 577 4408 od
588 4363 727 4423 exemptum
740 4359 772 4408 ab
784 4362 839 4422 ipro
854 4361 968 4409 llutteno
987 4360 1151 4415 cotradorum,
1169 4369 1194 4408 ot
1213 4371 1250 4411 est
1266 4366 1438 4421 londinense
1458 4378 1488 4424 in
1508 4393 1595 4427 mmeo

285 4445 443 4494 Britannico
457 4451 596 4500 servotum,
615 4445 704 4493 menda
720 4444 908 4506 tppoprophira
924 4447 1066 4496 erretrtltrse,
1087 4447 1194 4505 picuereis
1213 4448 1340 4499 Molmikii
1358 4471 1442 4506 error
1463 4470 1538 4511 esset
1556 4479 1596 4513 oe·

284 4536 365 4578 terem
383 4531 450 4576 titum
467 4530 547 4590 ipsius
567 4527 672 4576 Hutteui
689 4544 785 4576 interimo
803 4543 867 4588 erre,
887 4544 943 4591 qun»
961 4529 1064 4575 alicuius
1082 4529 1183 4576 tectorio
1200 4538 1251 4592 est,
1276 4545 1478 4603 prreeeptoris,
1499 4555 1527 4596 ut
1547 4555 1597 4597 tun

283 4611 430 4674 sariebant,
448 4614 549 4674 plessero
567 4611 720 4658 adpetentis.
772 4609 905 4672 ⁹p2rtipuc
925 4614 948 4658 1.
1004 4608 1023 4639 ¹⁵
1042 4613 1078 4671 titt
1098 4613 1119 4656 1.
1184 4610 1499 4681 tisurni1‚⁸0mtu3
1520 4633 1597 4681 Hm

286 4693 497 4758 exemptobonu.
511 4701 537 4742 et
549 4698 689 4740 rotmanus
701 4694 901 4754 adscripserunt.
950 4691 969 4723 ²¹
985 4689 1078 4741 Quel.
1116 4695 1211 4754 ptrititu
1223 4701 1245 4745 1.
1282 4698 1305 4730 ²²
1318 4703 1365 4765 §tt
1378 4711 1414 4756 1„
1444 4713 1468 4743 ιι
1484 4716 1562 4779 “tufa
1575 4721 1598 4766 1·
