3270 5354
807 186 816 217 t

169 299 185 375 ,ί
193 299 241 369 02
501 324 623 362 urrunnu
638 325 673 361 ll!
686 324 758 360 ΔΙΤΙ
771 321 1008 362 unlurrrcb‘rom
1019 320 1117 360 lam}-

338 482 365 542 d
387 483 460 542 Sunt
481 480 589 560 syrtibus
611 479 724 541 accedit
746 477 839 558 (potes
861 478 919 539 hoc
940 478 1108 558 inquirere,
1130 476 1255 561 lector)

339 582 454 665 Syllaba
477 590 580 663 quarta
603 581 708 661 pedes,
731 583 908 643 immensum
931 587 976 643 est
997 581 1094 642 omniu
1118 580 1197 644 dici.

340 687 367 747 d
388 686 540 748 bliscueris
562 692 679 747 tenuem
701 686 725 745 si
748 684 865 763 qusodo
888 683 925 744 ad
946 700 1066 745 curmen
1088 682 1228 747 llomeri

287 812 326 853 eoo
339 788 574 856 lucumonem,
598 786 729 848 numeris
751 785 832 846 dabit
854 786 889 846 iis
910 783 1027 863 Elegeia
1049 800 1173 849 nomen.

339 893 364 952 u
387 890 515 968 Exiguos
537 889 638 967 elegos
660 887 784 968 pedibus
806 895 942 949 constare
964 882 1081 949 duobus

339 994 461 1056 blaxima
485 1008 554 1071 pars
576 998 672 1053 vatum
695 992 797 1052 sentit:
821 990 856 1051 da
879 989 1014 1071 dactylon
1035 987 1092 1051 illis
1347 992 1470 1073 ms·-

338 1094 568 1175 Spoudeumque
591 1111 726 1171 grauem
749 1091 823 1154 nihil
844 1092 902 1154 boc
923 1093 954 1153 in
977 1092 1108 1154 carmine
1131 1094 1215 1155 iuris

338 1197 418 1258 Alter
440 1195 545 1266 habet,
569 1197 682 1257 cunctis
705 1202 748 1256 est
771 1193 870 1256 ultima
893 1193 1027 1256 versibus
1048 1212 1180 1276 anceps;
1246 1224 1252 1241 ·

286 1321 324 1361 eos
339 1301 427 1361 Ponis
449 1299 479 1358 in
501 1298 595 1359 heroo
617 1283 735 1377 semper
757 1298 925 1377 promiscue
947 1305 1121 1377 utrumque,

341 1403 390 1464 lus
411 1408 509 1461 tamen
532 1401 562 1460 in
584 1399 683 1478 quinta
707 1407 764 1469 est,
790 1400 866 1477 (uam
888 1417 938 1460 sex
962 1397 1133 1478 regionibus
1157 1399 1241 1465 illud

339 1504 501 1565 lliyidimus
523 1503 651 1581 carmen)
675 1498 729 1562 soli
751 1499 818 1569 tibi,
842 1499 970 1580 dactyle,
994 1508 1120 1580 perstat,

338 1605 494 1686 Spondeus
514 1612 629 1664 sextum
652 1601 707 1663 sibi
730 1620 783 1682 pes
805 1604 866 1664 uice
887 1604 991 1683 querit
1013 1603 1125 1666 eadem.

339 1710 364 1769 u
387 1709 470 1786 Saepe
492 1714 589 1767 tamen
612 1707 745 1785 quintam
768 1707 796 1766 in
819 1723 905 1766 versu
927 1722 981 1785 pes
1002 1713 1128 1785 occupat
1149 1706 1255 1771 idem:
1371 1710 1475 1793 lg*

284 1834 322 1873 uo
337 1812 448 1872 ‘Clara
469 1810 557 1870 decem
578 1810 701 1880 soboles,
722 1825 862 1884 mapuum
882 1808 961 1869 Iovis
981 1812 1217 1873 incrementum&

338 1912 418 1975 Alter
440 1913 468 1973 in
492 1911 612 1973 alterius
634 1912 772 1989 quoniam
795 1910 962 1971 resolubilis
983 1918 1062 1972 extat

338 2015 495 2092 Tempora.
540 2013 615 2073 Sunt
637 2013 738 2082 etiam,
762 2012 870 2091 quibus
891 2012 997 2106 ultima·
1014 2011 1125 2093 syllaba
1147 2013 1312 2091 abundat.
1384 2021 1471 2102 Ιξξ

339 2117 488 2195 Principio
511 2113 633 2175 alterius
655 2116 803 2175 connectit
826 2114 1019 2195 Hypermeter
1043 2113 1139 2177 illam:

339 2220 441 2280 ‘Omne
462 2219 538 2277 odeo
557 2234 652 2292 qenais
674 2218 704 2276 iu
727 2218 815 2277 terris
835 2219 1040 2294 bominumque
1056 2217 1268 2298 ferarumque

285 2342 323 2383 uu
337 2323 379 2381 Et
395 2338 490 2397 penus
512 2321 700 2395 ecquonam&
723 2318 775 2379 sed
798 2320 875 2398 quod
898 2319 973 2398 legis
996 2303 1098 2382 ‘ariete
1118 2322 1251 2400 crebro’,
1292 2322 1472 2417 15:⁸3&

338 2425 401 2485 lloc
422 2421 703 2502 proceleumaticum
726 2419 852 2499 pedibus
874 2421 960 2483 docet
982 2422 1083 2484 addier
1105 2424 1179 2485 istis.

337 2527 363 2586 d
386 2526 470 2586 [liscc
493 2524 572 2603 quod
595 2523 724 2600 augustis
747 2523 859 2584 haerere
882 2524 911 2583 in
934 2523 1049 2601 legibus
1071 2523 1187 2603 amplos

337 2628 403 2688 Non
426 2627 529 2687 deccat
551 2632 644 2686 vates:
668 2642 774 2703 magna
797 2632 842 2686 est
865 2627 892 2685 in
917 2627 1046 2686 carmine
1068 2627 1163 2687 uirtus
1346 2633 1470 2718 yffi*

337 2731 422 2808 Saepe
444 2728 511 2789 nori
533 2729 690 2806 quicquam
714 2728 794 2787 uenia
817 2728 1000 2789 committere
1023 2729 1162 2797 honeste,

285 2854 322 2894 uu
338 2826 422 2904 Quod
445 2830 558 2890 varium
583 2837 695 2890 mentes
717 2828 862 2889 lectorum
886 2828 973 2890 clueat
995 2836 1022 2889 el
1045 2848 1149 2892 aures:
1337 2836 1470 2921 lvm-

339 2935 527 3008 ‘Fluvjorum
548 2949 608 2991 rex
630 2930 793 2992 Eridanus’
817 2932 899 2992 Maro
922 2931 1022 2991 dicere
1046 2939 1153 3010 posset.
1362 2882 1449 2916 “m

337 3036 605 3096 tll‘entnmetrum
628 3034 658 3092 in
681 3040 780 3112 partes
802 3033 894 3093 docco
917 3031 1074 3110 disponere
1096 3032 1196 3095 binas:
1297 3040 1318 3123 Ι
1336 3040 1470 3129 m

336 3137 432 3197 Prima
456 3136 530 3196 cliuos
552 3136 678 3195 miscere
701 3134 791 3214 pedes
813 3133 901 3203 solet,
925 3134 1062 3214 huncque
1085 3134 1238 3199 velillum

338 3240 486 3306 Continet,
511 3246 543 3297 ut
564 3235 680 3297 libitum
703 3245 761 3306 est,
785 3236 892 3298 debinc
915 3235 1016 3297 ultima
1039 3234 1148 3317 syllaba
1171 3246 1287 3313 restat,

284 3360 321 3399 us
337 3337 473 3420 baetylos
497 3340 564 3401 iude
588 3338 694 3416 duplex
717 3340 794 3419 parti
816 3336 890 3399 solet
913 3357 976 3398 esse
999 3338 1135 3399 secunda·

165 3560 310 3611 bacchium
327 3577 349 3610 s.
362 3561 551 3623 orrtibaeolium,
572 3580 649 3619 -νν,
670 3566 698 3610 et
715 3560 760 3610 bie
775 3559 877 3609 inversi
890 3560 993 3610 ordinis
1007 3564 1049 3610 est
1067 3563 1150 3624 atquc
1169 3559 1328 3619 bacchius.
1378 3576 1471 3635 μιμ-

67 3645 72 3654 ’
164 3645 260 3709 bebius
278 3649 302 3694 1.
310 3649 335 3695 2.
343 3649 382 3697 19.
402 3645 605 3711 palimbecbius
624 3649 648 3695 4.
702 3644 933 3710 Pulymbacchius
952 3647 1040 3694 ῙΜῚ.

231 3730 265 3762 ²¹³⁸
283 3730 367 3795 pedes
385 3731 453 3780 oriris.
467 3734 492 3779 2.
546 3727 679 3796 immons]
698 3731 715 3780 i.
731 3748 754 3781 c.
768 3731 888 3796 longum.
908 3729 1036 3781 Ceterum
1050 3728 1172 3781 sedenim
1184 3730 1289 3797 ligurus
1310 3755 1373 3790 rem
1394 3744 1470 3792 conli-

165 3815 241 3864 ciunt
263 3831 383 3866 omnem:
409 3815 536 3878 diiambi,
563 3815 718 3874 ditrochaei,
743 3814 923 3880 dipyrrhiehii
947 3813 983 3880 (a.
1007 3813 1285 3884 proceleusmatici),
1313 3823 1470 3891 dispondei,

165 3899 332 3963 choriambi,
359 3901 522 3965 antispasti,
547 3901 699 3950 ionicorum
719 3900 844 3962 duorum,
873 3900 1045 3965 epitritorum
1063 3904 1209 3965 quattuor,
1236 3919 1377 3969 poeonum
1397 3916 1470 3977 qun.

164 3990 233 4035 tuor.
280 3984 314 4017 ²⁸⁹
327 3986 360 4035 ed
381 4001 490 4035 carmen
503 3982 626 4050 Homeri]
646 3986 827 4035 beemnetrum.
874 3984 909 4016 ²⁹⁰
919 3986 1122 4049 Utntbnmrttttm
1135 3988 1159 4035 1.
1168 3990 1194 4036 2.
1204 3990 1247 4039 11.
1267 3996 1301 4041 et
1313 3994 1359 4045 aie
1372 4011 1400 4046 v.
1414 3994 1468 4047 312.

163 4069 206 4119 his
224 4072 276 4121 11.P
322 4068 353 4100 ²⁹¹
374 4070 467 4136 elegia
485 4073 656 4122 brenno.
713 4068 1133 4134 mda0t110n2.dsctylumr,
1191 4069 1228 4104 ”⁸
1247 4072 1430 4147 spondeum
1447 4083 1468 4131 d.

163 4152 197 4185 ²⁹⁶
214 4152 363 4221 regionib]
382 4155 497 4220 pedibus.
555 4152 588 4184 ²³⁷
607 4153 711 4204 ductile
729 4158 769 4205 19.
827 4153 861 4187 '⁹⁸
879 4154 1030 4220 Spondoeus
1048 4159 1073 4206 4.
1135 4151 1170 4186 ³⁰⁰
1192 4157 1277 4225 Verp.
1293 4162 1352 4214 ecl.
1367 4165 1416 4217 IV.
1427 4164 1467 4216 tu.

164 4235 195 4269 ³⁰¹
213 4239 243 4288 id
258 4244 426 4290 est-tow.
490 4238 523 4271 ³⁰²
541 4239 692 4303 &inermem
710 4242 734 4288 l.
798 4236 830 4270 ³⁰¹
853 4241 931 4305 Vero.
946 4256 1039 4307 georg.
1052 4239 1103 4290 111.
1117 4239 1176 4289 242.
1190 4255 1232 4307 sq.
1302 4246 1427 4302 Omnem
1443 4254 1466 4301 ι.

164 4319 198 4353 ³⁰⁵
215 4336 340 4386 cuneatum
360 4330 383 4377 1.
436 4307 521 4375 drr²etd
540 4321 647 4389 crebro]
670 4324 951 4388 Ver9.non.11.tu2.
1015 4324 1048 4359 ³⁰⁸
1066 4324 1304 4392 prolcumnticum
1324 4338 1352 4385 4.
1373 4352 1465 4402 proce·

167 4405 356 4459 leusmaticum
369 4414 409 4460 19.
462 4408 611 4473 ³⁰⁷lymtr1.
664 4407 698 4441 ³⁰⁸
712 4408 868 4476 Quintilium]
881 4411 904 4461 1.
914 4409 938 4473 θ,
946 4420 981 4462 tu.
1051 4409 1169 4461 Fabium
1182 4414 1465 4489 litterub'dem'pm

165 4505 301 4554 operarum
321 4497 424 4544 licentio
449 4496 538 4555 suerit.
561 4500 670 4543 ceterum
692 4501 777 4559 potest
795 4497 869 4545 ettam
888 4495 988 4556 Quintil.
1007 4496 1075 4546 lust.
1096 4511 1134 4545 or.
1149 4497 1171 4547 1.
1186 4496 1213 4560 6,
1227 4507 1267 4551 ³0.
1280 4518 1325 4569 eq.
1349 4507 1466 4571 censori

166 4570 200 4604 ³¹⁰
218 4571 392 4638 „Fluvjorum
411 4593 458 4627 rex
471 4578 608 4628 Eridanus
621 4593 786 4643 camposque
803 4595 853 4644 per
870 4584 988 4631 omnes.''
1015 4582 1093 4646 Verp.
1108 4596 1202 4647 georg.
1217 4583 1240 4634 1.
1254 4586 1319 4640 483.
1357 4589 1394 4625 ⁸¹¹
1410 4590 1465 4647 fl-

168 4657 292 4721 alentini
309 4661 332 4707 1.
356 4662 388 4725 (υ
406 4663 534 4711 miniatort
554 4663 717 4726 adptnpenda
738 4663 848 4724 relicta)
899 4663 934 4697 ¹¹⁶
951 4666 1067 4730 §unitus
1086 4666 1110 4715 1.
1163 4666 1281 4727 ieiunet:
1304 4677 1328 4725 1.
