3270 5354
560 377 682 413 BVTTBNI
696 375 745 412 vm
758 375 857 411 BONVE.
937 389 939 393 ¹

267 532 327 594 Neo
349 533 460 593 sarrire
482 529 557 610 gulae
578 529 706 610 placeat,
730 537 816 590 nocet
838 547 903 590 esse
924 526 1101 607 superbum,

216 655 241 696 co
350 634 432 695 Pone
454 636 541 694 etiarn
562 635 638 693 irato
661 632 742 694 frana
765 632 945 710 modumque
966 631 1073 691 auimo.

269 736 312 798 Ne
333 745 363 797 te
386 737 526 813 corripiat
546 736 669 814 sopitam
693 735 806 810 ignavia
828 742 971 801 mentem,

351 838 476 916 Semper
498 856 565 925 age,
589 845 617 898 et
639 837 725 897 tactis
747 834 868 896 consule
891 836 945 895 rite
967 835 1039 902 tuis,

267 920 465 1019 invidiamque
488 938 550 1001 aliis
572 956 631 998 non
653 956 783 1018 unquam
806 938 940 998 intende:
963 955 997 997 ea
1020 935 1110 1014 pestis

216 1063 241 1103 oa
351 1041 451 1102 Solum
474 1048 519 1101 est
540 1040 657 1101 authori
679 1042 843 1118 peruiciosa
865 1057 929 1099 suo.

267 1144 345 1220 Ergo
367 1142 438 1203 nihil
460 1144 525 1203 vicii
548 1150 600 1212 est,
624 1141 702 1222 quod
725 1149 753 1202 te
776 1142 920 1203 seducere
941 1142 1050 1220 possit,

352 1245 383 1306 Si
405 1246 508 1314 modo,
531 1263 597 1324 quae
618 1244 715 1306 videas
736 1242 866 1323 singula,
890 1251 993 1321 pectus
1015 1241 1116 1303 habes.

269 1346 355 1407 Verte
378 1365 461 1410 acres
483 1346 585 1407 ocutos
607 1346 642 1407 ad
666 1365 715 1407 res
737 1362 928 1426 quascunque
945 1343 1110 1422 *gerendas

219 1468 245 1507 cs
352 1448 389 1508 Et
410 1466 497 1527 quarn
520 1449 677 1527 suscipias,
700 1450 835 1527 perspice
849 1454 961 1525 'structa
984 1447 1075 1525 prins.

272 1549 394 1627 (ildino
416 1549 487 1609 mihi
509 1551 566 1609 dra
589 1551 682 1617 acies,
706 1557 736 1610 et
756 1557 842 1609 acuto
865 1548 975 1609 iumine
997 1547 1093 1617 solor,

356 1649 449 1722 Quale
471 1649 574 1712 ocutos
595 1652 679 1729 pictae
701 1650 794 1730 lyncis
812 1648 927 1710 hahere
948 1648 1056 1711 volunt.

274 1753 383 1813 Cuncta
406 1753 497 1813 anirni
517 1760 641 1830 penetro
664 1754 741 1820 visu,
764 1760 835 1813 stata
860 1753 964 1811 ruetior
987 1759 1066 1839 acta,

222 1873 247 1913 n
353 1853 391 1915 Et
412 1853 485 1914 nihii
507 1856 619 1914 incerta
644 1854 811 1914 conditione
833 1870 913 1931 gero.

273 1955 339 2016 Non
362 1954 462 2016 faciles
484 1973 601 2024 causas,
625 1956 694 2016 non'
708 1975 757 2016 res
779 1955 934 2015 considero
956 1972 1062 2022 ranas,

357 2049 574 2137 Captanturque
596 2056 688 2119 ocutis
710 2074 769 2117 non
792 2059 848 2117 nisi
870 2056 956 2135 digna
980 2058 1062 2116 meis.

273 2159 368 2239 thue
390 2159 475 2221 maiis
496 2162 617 2229 timear,
640 2177 695 2221 nec
716 2177 765 2219 me
786 2157 848 2219 lere
870 2157 975 2236 vulgus
996 2157 1129 2227 aberret,

225 2282 251 2322 ro
359 2261 453 2322 'sorra
476 2260 531 2321 suh
554 2263 664 2321 inmota
686 2261 796 2321 lumina
819 2259 915 2320 fronte
937 2278 1051 2337 premo.

275 2362 385 2423 Viderit
405 2364 561 2442 insipiens,
583 2364 644 2424 oris
666 2364 806 2441 gravitate
823 2369 972 2432 ,retactus

357 2464 470 2532 Noticia
492 2457 615 2527 sceleris
636 2474 756 2526 corruet
777 2462 825 2525 ille
846 2465 907 2533 sui;

276 2567 306 2627 Si
328 2565 424 2628 honus
445 2560 602 2646 inspiciat‚'
619 2568 697 2646 quod
720 2576 812 2637 amet,
837 2568 886 2626 cui
908 2571 1011 2645 pareat
1021 2564 1126 2635 ultro,

224 2692 250 2730 so
357 2668 487 2729 inveniet
509 2671 616 2731 urentis
638 2664 809 2730 dexteritate
832 2687 914 2729 meae.

276 2771 301 2828 o
323 2770 397 2830 Sunt
419 2770 491 2830 mihi
512 2764 657 2848 porrectae
680 2770 852 2850 foribusque
874 2768 1043 2848 patentibus
1064 2788 1167 2840 aures,

360 2872 412 2933 iiis
433 2870 504 2932 nihii
527 2856 704 2942 obscurum,
727 2872 813 2952 quale
834 2873 885 2941 sit,
909 2890 973 2932 esse
995 2881 1106 2951 potest;
1256 2855 1258 2859 ⁵

277 2972 373 3051 thue
395 2975 521 3035 inmanis
543 2993 615 3053 aper
638 2977 800 3035 crescentia
825 2976 955 3052 gramina
978 2977 1081 3041 sentit,

225 3097 251 3137 ss
360 3076 409 3136 Sic
432 3077 515 3153 capio
538 3076 638 3136 auditu
660 3075 749 3136 rerba
771 3074 862 3136 relata
886 3094 966 3135 meo:

278 3177 324 3237 Mo
345 3177 442 3254 potius
464 3177 542 3237 iuvat
564 3195 636 3238 aure
658 3177 716 3236 frui
739 3192 828 3256 quam
851 3175 966 3252 fungier
989 3195 1056 3244 ore,

362 3276 544 3356 duditusque
565 3295 676 3357 procax
699 3286 744 3339 est
766 3279 854 3345 inihi,
878 3276 977 3354 lingua
1000 3278 1105 3353 gravis.

280 3379 364 3458 Saepe
386 3397 484 3439 moras
507 3398 626 3448 causor,
649 3382 798 3458 responsis
820 3387 954 3458 tempora
976 3398 1081 3458 posco,

228 3502 254 3542 ss
361 3481 422 3543 Neo
444 3483 542 3542 rutero
564 3484 619 3543 nisi
642 3500 707 3560 quae
729 3484 767 3542 sit
787 3484 915 3543 tacuisse
937 3481 1055 3542 morium.

279 3584 305 3643 o
328 3582 387 3646 Ore
408 3602 477 3644 meo
500 3586 594 3646 cresci
616 3585 781 3645 frondentia
803 3584 861 3645 iiiia
884 3586 997 3652 cernis,
1071 3582 1073 3591 ⁴

364 3684 470 3746 Molior
492 3685 608 3765 eloquio
631 3688 753 3764 grandia
775 3705 852 3765 saepe
879 3694 962 3781 meo)

281 3789 441 3849 Permoveo
463 3796 577 3850 mentes
600 3788 765 3857 hominurn,
788 3787 944 3868 uerbisque
967 3791 1099 3867 pacisce,

230 3909 255 3948 sn
363 3890 488 3951 Horrida
512 3892 656 3951 oausatrix
679 3889 779 3970 praelia
800 3889 902 3969 lingua
924 3891 1014 3951 sedat.

204 4074 206 4078 λ
282 3992 391 4052 Erudio
413 4000 545 4053 tonorum
568 3991 647 4052 dulci
668 4006 806 4054 sermone
831 3996 993 4060 inventurn,

367 4095 416 4155 Sic
436 4094 541 4173 ailquis
563 4095 671 4157 virides
692 4095 813 4156 flumina
834 4096 926 4157 nutrit
948 4111 1045 4172 agros.

1153 2350 1168 2393 ἱ

81 4220 282 4247 -μ-.....

148 4295 170 4327 ⁵⁹
190 4296 252 4361 gule
272 4301 295 4348 1.
342 4295 365 4329 ⁸⁴
383 4298 472 4348 autori
490 4302 515 4348 2.
527 4300 710 4365 sqq.‚auctori
728 4301 783 4349 6.7.
836 4297 933 4348 ⁰⁵vitii
950 4293 1005 4348 6.7.
1052 4296 1074 4329 ⁸⁰
1092 4312 1143 4362 que
1158 4300 1180 4346 1.
1233 4296 1254 4328 ⁸⁸
1273 4313 1326 4362 quo
1342 4301 1363 4348 t.

81 4381 103 4413 θ’
122 4381 201 4448 Sipno
215 4373 240 4431 (d
254 4385 279 4431 in
293 4386 316 4432 1.
330 4384 366 4432 od
379 4386 505 4447 picturam
522 4384 571 4432 uiri
588 4383 647 4432 doni
663 4384 824 4448 allepordcom
840 4383 965 4446 referunt.
1002 4381 1035 4430 In
1048 4384 1072 4429 2.
1082 4384 1139 4431 45.
1153 4384 1207 4431 loco
1220 4384 1285 4431 itlius
1301 4384 1369 4445 ripni

80 4470 173 4532 priora
196 4483 281 4518 eorum
302 4481 416 4516 casuum
438 4467 526 4525 uerbo,
552 4466 639 4532 quidus
658 4459 684 4515 ΙΙ
706 4469 731 4516 in
750 4470 772 4516 1.
786 4471 951 4531 prepositum
973 4473 1024 4524 est,
1048 4465 1183 4515 maioribus
1205 4468 1297 4516 tuteris
1320 4485 1366 4517 eat·

81 4559 263 4616 presserunt.
316 4548 398 4616 solor]
417 4550 505 4600 solers
522 4566 550 4600 oe
568 4553 714 4601 emendasse
731 4555 829 4615 putavit
842 4555 865 4601 d.
878 4558 905 4600 et
920 4557 1021 4601 sectetur
1039 4556 1077 4600 est
1097 4555 1120 4600 7.
1173 4550 1195 4583 ⁷⁰
1214 4550 1295 4602 lincis
1314 4555 1366 4621 ¹..·²·
1401 4574 1407 4584 ¹

82 4635 104 4669 ⁷⁴
122 4638 184 4702 Atqa
204 4641 227 4687 l.
280 4635 302 4669 ’ὅ
319 4636 431 4685 immoto
449 4639 542 4701 zrpq.
595 4633 700 4701 premo]
721 4652 787 4702 gero
807 4640 830 4685 7.
887 4635 908 4667 ⁷⁸
926 4636 1032 4687 Notitia
1051 4639 1144 4702 2.qu.
1202 4636 1220 4668 ⁸¹
1242 4642 1367 4702 porrecte

84 4725 107 4771 1.
155 4720 421 4787 ”immanissimo
456 4720 479 4753 ⁸⁸
502 4719 644 4784 promsit
655 4721 722 4771 mihi
735 4721 754 4772 l.
768 4723 790 4772 1.
804 4735 915 4787 procax,
930 4727 972 4771 ent
984 4720 1050 4771 mihi
1062 4720 1078 4771 i.
1092 4723 1180 4771 ms.
1227 4719 1329 4787 ”sepe
1343 4724 1368 4770 1.
