3270 5354
165 349 239 423 326
272 379 419 416 ΒᾸΒΕΗᾸΩΙ
433 379 468 413 ms
482 376 598 412 vuum
611 375 696 412 vnsts
708 372 855 410 APPABATV
868 373 1067 409 PANEGYBBCV!
1080 373 1202 408 cffltitt.
1216 373 1373 410 OBACVLVU·

368 536 435 591 ‘tto
456 549 558 602 senex,
577 550 676 606 maana
699 538 780 589 tatum
803 533 851 604 qui
869 533 987 587 concutit
1006 530 1099 587 orbem

316 640 355 681 555
370 623 516 693 1151555555,
539 625 722 691 monstratque
742 619 812 673 aiam
835 633 897 688 quoe
917 617 994 670 mittit
1014 617 1053 671 ad
1073 622 1161 673 astra.

368 706 454 763 ‘Inde
475 711 538 761 erat
553 705 628 759 555515
649 705 754 776 triplex
777 703 935 773 inflexoque
953 703 1049 756 semita
1071 703 1147 758 nobis

368 789 573 863 ‘Esuperanda
586 791 670 861 prius
690 805 773 860 quam
793 787 919 858 reiiyiosa
935 792 1066 858 paterent

369 875 500 948 ‘Tempta
523 873 605 948 Syri,
628 875 674 928 aui
690 875 721 927 m'
736 874 904 945 permissum
924 885 1041 927 cernere
1060 886 1155 927 eoram

370 961 598 1031 ‘Traiectumque
615 959 688 1013 tatus
707 957 788 1029 ferro
807 956 964 1028 continpere
983 957 1100 1024 dextra,

317 1064 356 1103 555
372 1045 468 1115 ‘Quod
488 1045 539 1100 sibi
559 1051 637 1100 certa
656 1043 732 1099 satus
751 1042 852 1115 Stppiis
873 1047 1024 1097 remeasset
1044 1041 1080 1097 ab
1100 1042 1196 1108 undu,

373 1131 510 1188 ‘Credere
528 1146 583 1186 non
601 1130 697 1200 potuit.
732 1127 789 1184 Sed
808 1143 865 1199 qua
891 1141 921 1180 se
941 1126 1058 1181 dextera
1081 1127 1157 1182 nobis

370 1219 461 1273 ‘Area
483 1214 629 1286 diffundit,
650 1213 757 1268 breuior
778 1213 821 1268 aia
843 1211 918 1266 ducit
935 1212 974 1266 ad
994 1211 1119 1267 umbram

375 1300 555 1356 ‘Frondentis
575 1298 645 1352 tuci:
666 1297 728 1352 iaco
749 1297 801 1352 trae
822 1295 950 1368 pandebit
971 1302 996 1350 et
1020 1313 1074 1351 ara

368 1384 463 1441 ‘Inter
483 1383 619 1442 coeticotas
637 1398 692 1437 non
717 1383 810 1437 ultimo
830 1381 911 1453 stoma
933 1381 1083 1453 decusque,

318 1491 356 1531 555
372 1470 422 1527 ‘Si
439 1469 551 1542 quanda
572 1468 611 1522 dd
631 1469 691 1526 vita
708 1481 830 1539 superas
848 1468 991 1522 emerserit
1007 1481 1105 1521 auras.

370 1555 443 1612 ‘Sed
458 1555 546 1627 [55555
568 1553 677 1608 maiora
699 1559 810 1608 manent
827 1557 961 1607 momenta
983 1552 1119 1608 sedentem

370 1641 481 1696 ‘Limite
502 1641 531 1694 iu
552 1638 685 1706 adverso,
709 1640 781 1693 ritus
805 1643 831 1693 et
847 1640 910 1693 iura
929 1642 1079 1708 parantem

369 1725 513 1781 ‘Scribere
532 1724 671 1794 supremis
682 1729 797 1794 pacatae
817 1722 918 1779 ciuibrts
938 1722 1019 1778 555155.

370 1811 475 1865 ‘Attius
496 1809 541 1865 bic
562 1809 633 1863 atius
654 1808 748 1863 tunam
766 1806 937 1863 transcendit
956 1813 983 1862 et
1004 1813 1083 1862 astra

319 1913 358 1954 suo
374 1895 417 1949 ‘Ii
436 1897 547 1967 repione
567 1894 682 1956 sedens,·
703 1908 812 1965 mapnte
834 1893 906 1947 alitis
927 1894 1016 1947 instar
1036 1893 1065 1946 iu
1085 1907 1174 1948 auras

368 1979 487 2036 ‘Nititur
508 1978 657 2046 aethereas,
679 1985 705 2034 et
724 1977 828 2050 sydera
850 1976 1057 2032 verberatam.

369 2064 421 2120 ‘tn
443 2067 539 2120 1555555
562 2080 636 2119 nunc
652 2065 733 2135 stacte
753 2064 861 2130 ocutos,
881 2077 932 2117 nec
954 2062 1061 2117 discere
1082 2068 1180 2132 teretes,

370 2151 437 2206 ‘Cui
456 2164 538 2205 sacer
560 2148 605 2203 bic
625 2149 712 2220 fuerit
732 2148 809 2203 times
830 2162 909 2220 quem
929 2151 1043 2220 contepit
1057 2149 1138 2203 utra:

370 2235 473 2290 ‘Mutta
495 2237 580 2289 tatem
599 2251 661 2305 quoe
683 2236 763 2305 tanqu
786 2233 844 2288 dies
864 2239 928 2303 post
947 2233 1064 2303 detepet:
1085 2238 1115 2287 at
1135 2240 1164 2288 tu

318 2338 356 2378 555
373 2320 471 2376 ‘Hanc
487 2319 556 2376 cato
573 2319 699 2375 eductam
721 2319 817 2373 motem
839 2318 946 2388 iateque
963 2324 1106 2389 aapantem

370 2404 517 2477 ‘Suspice,
533 2400 566 2460 ¹et
586 2406 708 2475 inperitos
730 2410 841 2458 maneat
860 2409 949 2474 quam·
957 2401 1083 2473 putcbra
1101 2410 1216 2476 nepotes

371 2489 506 2562 ‘Retipim
529 2491 584 2544 iam
604 2491 678 2544 scire
694 2495 788 2561 potes:
811 2486 966 2544 uenerabile
987 2502 1085 2543 nomen

371 2574 511 2648 ‘i'irpinis
531 2574 645 2629 baerebit
664 2575 776 2645 temptam
798 2575 852 2628 iam
874 2587 991 2627 cernere
1009 2571 1059 2643 fas
1080 2578 1120 2627 ast

371 2662 542 2718 ‘Sacrorum
564 2661 614 2732 qui
634 2660 723 2715 cuitus
744 2659 811 2726 erit,
837 2674 920 2731 quam
941 2656 1044 2712 densus
1062 2658 1102 2712 ad
1118 2674 1200 2715 55555

318 2764 358 2804 sto
374 2745 495 2802 ‘Serriet
515 2760 601 2818 usque
621 2743 732 2800 citerus.
768 2742 825 2798 Sed
845 2749 873 2799 tu
889 2757 945 2815 per
964 2750 1063 2798 55555555
1085 2746 1184 2816 vapori

369 2829 487 2886 ‘Desine
508 2829 669 2895 luminibus,
691 2844 745 2884 nec
762 2829 827 2883 ditia
848 2828 988 2882 mausolea

371 2912 426 2969 ‘Te
446 2921 569 2981 teneant,
587 2915 696 2986 passim
718 2915 831 2968 radiant
846 2928 909 2984 quae
931 2916 1071 2967 marmore
1090 2921 1117 2969 et
1137 2932 1225 2982 auro,

370 2999 443 3056 ‘Nee
461 3017 523 3072 quae
540 2999 694 3072 porticibus
713 3000 808 3057 ancoris
829 2998 892 3052 bina
914 2999 988 3052 atria
1010 3005 1144 3066 currunt,

371 3084 529 3156 ‘Pantifieis
548 3101 605 3156 qtaa
628 3089 697 3139 tecta
718 3085 792 3140 senis
812 3089 918 3138 secreta
940 3081 1102 3138 recumbunt

317 3187 356 3226 555
373 3169 458 3236 ‘Quin
479 3184 531 3241 ape
551 3177 578 3224 et
597 3176 714 3240 amposta
734 3170 874 3241 depressus
897 3168 1009 3238 rirpiais
1028 3167 1088 3223 ade

370 3254 470 3309 ‘Hune
492 3269 598 3310 mecum
620 3256 726 3309 mirare
747 3256 848 3322 airum,
868 3266 947 3324 quem
969 3251 1073 3308 Gattica
1096 3256 1172 3309 uestit

371 3338 509 3407 ‘Penuta,
533 3347 559 3395 et
580 3341 707 3394 innixum
729 3339 825 3394 bacula
848 3338 940 3392 domat
960 3337 1039 3394 5515555
1056 3341 1149 3410 aperti

371 3422 529 3497 ‘Iapuinis-
548 3424 593 3479 bic
614 3427 697 3480 terris
717 3426 797 3491 alim,
817 3439 883 3478 mace
904 3422 973 3478 urbe
993 3429 1108 3496 capatus

371 3507 465 3564 ‘Inter
482 3511 615 3566 adoratas
634 3510 726 3581 spinas
747 3509 928 3582 opulentaque
948 3508 1022 3564 dona

318 3612 356 3654 555
372 3595 526 3666 ‘Perpetua
547 3601 689 3650 contentus
708 3602 778 3667 apat.
814 3593 897 3649 Nune
914 3595 1059 3664 protinus,
1082 3609 1159 3662 ecee,

368 3678 524 3736 ‘Fluctibus
544 3679 673 3737 incumbit
691 3682 806 3752 pemim's
827 3680 874 3734 cui
896 3678 1007 3734 Graecia
1027 3694 1142 3746 nomen,
1325 3675 1456 3759 ΙΨ

370 3763 438 3821 ‘Cui
457 3766 534 3821 teitus
553 3765 614 3820 15555
633 3767 733 3838 tempta
754 3765 836 3821 dabit.
869 3761 932 3819 Iam
951 3766 1058 3836 respice
1077 3772 1175 3821 contra

371 3849 481 3918 ‘Qualis
501 3853 577 3924 sirpo
597 3850 686 3917 sedet,
710 3866 812 3906 soerum
833 3863 970 3922 pressura
988 3849 1147 3906 draconem.
1299 3877 1304 3885 ·
1347 3846 1456 3924 ἔπ’*

370 3934 443 3991 ‘Sed
463 3949 513 3991 nec
536 3939 613 4008 sirpo
631 3935 720 4008 seraa·
740 3936 842 3991 dudum
859 3933 1080 4006 properantibus
1100 3934 1197 3991 obstet.-

317 4038 355 4078 555
371 4018 457 4087 ‘Quin
473 4036 531 4092 per
552 4027 652 4093 aperta
675 4023 728 4076 sati
746 4021 815 4077 dirae
836 4021 977 4076 ueniamus
998 4018 1038 4075 od
1056 4020 1142 4075 oedem
1314 4015 1456 4097 iiam*

370 4104 605 4178 ‘Sacrificumque
628 4105 759 4173 eborum,
782 4105 870 4162 moitis
890 4107 937 4160 eui
957 4103 1042 4178 Syria
1061 4111 1088 4160 et
1107 4107 1204 4178 impons

234 4300 267 4334 ³⁴⁸
284 4302 312 4353 S.
330 4305 407 4355 115555
425 4319 448 4355 s.
465 4304 578 4356 Tamaso.
592 4306 698 4370 parocb.
768 4303 801 4335 ⁶⁵³
819 4305 847 4354 S.
862 4303 961 4354 [lbatdo
978 4319 1000 4354 s.
1015 4303 1108 4355 Botdo.
1121 4306 1228 4369 paracb.
1298 4304 1333 4338 ⁸⁶⁸
1351 4305 1379 4357 S.
1392 4308 1456 4371 Apo

164 4391 359 4452 5555555555.
424 4389 457 4421 119
476 4392 504 4441 S.
519 4392 641 4441 Gtaoanm'
657 4391 819 4453 euanpettstn.
840 4389 950 4454 priora.
1015 4387 1094 4440 ¹“i-S.
1109 4387 1255 4454 Stephanus
1272 4391 1407 4454 consessor
1424 4395 1457 4440 555

170 4473 274 4524 Venetis
293 4474 321 4525 S.
335 4474 401 4526 Stin.
414 4493 436 4527 5.
450 4478 538 4527 Stena
551 4480 613 4527 5551.
624 4476 733 4540 parocia.
746 4483 794 4526 est.
847 4472 880 4506 ⁵⁶²
899 4475 926 4523 S.
941 4474 1031 4523 Maria
1046 4477 1160 4539 ptariasa
1177 4491 1199 4525 5.
1213 4479 1223 4524 5
1239 4477 1329 4526 t'me.
1382 4474 1415 4507 θ’*
1431 4475 1455 4525 S.

167 4556 271 4608 Niecatd
295 4560 335 4608 de·
355 4561 430 4623 [rari
450 4563 550 4613 udmari.
572 4562 803 4612 Francisconarum
825 4564 1030 4612 consentientium.
1100 4559 1133 4592 ⁶²⁸
1156 4565 1184 4610 S.
1199 4560 1294 4611 115555.
1313 4562 1455 4611 aratam

165 4639 261 4691 Roccbi
277 4645 349 4694 oedes
366 4661 390 4694 5.
406 4648 482 4696 1191.
495 4647 633 4710 5555715555.
703 4643 736 4679 ⁸⁶¹
755 4647 784 4696 S.
798 4646 965 4696 Pantaleon.
977 4646 1084 4710 paroch.
1138 4643 1172 4677 ’θ’
1190 4645 1219 4696 S.
1232 4644 1457 4711 innatantem

164 4725 236 4778 root.
288 4725 321 4759 ⁵⁰⁵
339 4729 381 4779 La
398 4730 532 4781 Modoura
549 4732 593 4781 dei
611 4731 728 4781 05555151.
782 4729 815 4762 ⁸⁸⁶
833 4730 1036 4795 Sacrificiumqj
1056 4733 1080 4780 t.
1211 4733 1216 4744 '
