3270 5354
163 342 236 415 264
362 373 485 409 BV‘H'BHI
497 372 535 408 AD
548 371 680 407 ΟΕΒΑΒΙΜ
694 369 904 406 unumunurn
917 369 1139 405 priunum!
1152 369 1247 404 ttm.

363 529 456 608 Inque
479 530 570 589 vicem
593 545 644 587 ros
666 525 739 587 civiti
762 543 937 586 consumere
959 524 1051 592 bello,

449 631 485 692 Ut
507 643 596 706 super
620 628 777 689 exhaustos
799 627 910 688 viribus
932 626 980 687 ilie
1003 628 1087 687 ruat?

363 733 406 793 Ah
430 731 538 811 pudeat
561 732 757 809 Liguremque
780 731 878 808 sequi,
903 730 971 790 dum
994 729 1110 796 suadet,
1135 728 1247 798 lulum,

327 855 350 895 rr
449 833 485 893 Et
506 832 623 893 tandem
647 832 760 911 placeat
783 831 937 892 consulere
960 832 989 890 in
1013 831 1155 891 medium!

279 1016 343 1076 139·
614 1019 663 1068 DE
681 1019 771 1068 IVLII
790 1018 994 1070 INSTITVTO.

362 1139 454 1201 lulius
476 1140 634 1218 assumptis
656 1138 800 1199 Petraeum
825 1137 954 1199 clavibus
976 1146 1042 1198 aute

447 1242 580 1320 Coeperat
602 1243 646 1321 ipe
668 1257 803 1318 gregem:

364 1345 507 1407 Continuo
529 1342 617 1422 lupus
639 1361 707 1403 acer
730 1361 798 1404 oves
821 1344 924 1403 invasit
946 1350 975 1402 et
996 1350 1080 1403 atrox

336 1467 348 1506 a
447 1447 563 1507 Miscuit
585 1447 714 1506 exitium,

366 1546 433 1616 tue,
457 1547 532 1608 datis
554 1549 634 1610 Petri
656 1548 768 1609 diffisus
792 1545 936 1616 clavibus,
960 1555 1039 1608 actas

449 1649 545 1727 Liquit
566 1650 686 1710 inermis
709 1667 792 1717 ores;

364 1751 424 1812 Nec
447 1770 545 1818 mora.
569 1750 672 1820 Pande,
697 1760 793 1819 tuum,
817 1770 875 1829 quo
897 1769 929 1811 se
950 1757 1082 1820 tucatur,
1105 1751 1142 1812 ad
1164 1768 1281 1820 ensem,

338 1874 351 1914 s
450 1852 513 1913 Non
537 1855 657 1933 propria
681 1872 775 1922 arura,
799 1855 866 1913 ruit.

365 1954 441 2015 Eece
463 1962 560 2016 autem
584 1958 701 2016 insueto
724 1963 827 2015 contra
850 1974 903 2016 sua
927 1962 1021 2016 castra
1044 1963 1148 2034 paratu

450 2056 524 2117 Dum
548 2057 624 2117 ridet
645 2060 689 2118 ire
711 2057 815 2137 iupus,

364 2158 518 2219 indoctum
540 2157 645 2236 gladii,
668 2177 734 2237 quae
755 2176 815 2218 non
837 2159 914 2220 bene
936 2166 1071 2238 ceperat,
1095 2161 1155 2239 egit

328 2281 351 2321 12
451 2261 593 2321 Deserere
616 2279 696 2321 arma
719 2261 833 2321 ducem.

366 2363 555 2441 Contemptus
577 2365 680 2442 recipit
704 2364 810 2425 Petrus
832 2381 884 2423 sua
907 2381 1045 2432 munera,
1071 2361 1166 2425 clares

448 2464 503 2536 Qui
526 2464 614 2531 serat,
636 2464 710 2526 aiter
733 2467 803 2533 erit3

364 2564 487 2626 Nescius
509 2574 538 2626 at
559 2566 680 2636 Paulus,
706 2587 743 2628 ue
765 2569 830 2646 quis
852 2585 903 2627 sua
927 2575 1063 2629 conserat
1085 2586 1181 2640 arma,

328 2688 351 2732 ic
450 2667 547 2729 l’rirat
570 2677 598 2729 et
620 2687 690 2730 ense
713 2672 816 2730 virium.

365 2770 443 2841 Quies
465 2788 545 2831 nunc
567 2770 654 2832 ducet
676 2788 744 2832 oves
767 2790 831 2851 quae
854 2789 932 2832 nuno
954 2773 983 2832 in
1005 2790 1129 2850 pascua,
1153 2789 1291 2835 mancus·

448 2871 584 2935 Claviirus
607 2882 634 2934 et
657 2872 772 2949 gladio?

280 3026 1199 3119 m mmmffimmmmmmmm

363 3176 440 3240 Olim
462 3178 539 3240 clara
564 3179 631 3240 viris
653 3186 681 3241 et
703 3179 855 3258 splendida
877 3179 991 3242 vatibus
1013 3182 1098 3252 olim,

449 3281 578 3342 Fortuna
602 3280 689 3343 nullis
711 3280 891 3361 interiorque
913 3283 999 3354 iocis

364 3383 466 3444 Moeret
487 3384 565 3463 apud
588 3385 714 3463 patrium
737 3383 854 3445 deserta
875 3384 1008 3446 Bononia
1030 3385 1181 3456 Rhenum,

340 3507 352 3547 t
451 3484 523 3547 Cum
547 3502 596 3545 res
618 3485 778 3564 perdiderit
800 3486 1020 3565 perdideritque
1042 3489 1134 3560 viros;

364 3586 480 3656 Moerct,
503 3596 531 3648 at
553 3588 664 3648 interea
686 3594 813 3648 vastator
835 3586 924 3649 lulius
946 3589 1033 3650 audet

442 3688 553 3750 'Dicere
575 3697 745 3768 provectam
769 3690 882 3751 vindice
904 3709 936 3752 se
958 3693 987 3751 in
1010 3691 1125 3754 meiius.

365 3791 479 3851 Siccine
501 3808 550 3850 res
572 3791 722 3852 hominum
745 3799 792 3863 tu,
815 3793 924 3854 siccine
946 3795 1083 3873 provehis
1105 3794 1210 3863 urbes,

244 3936 248 3954 .
338 3915 350 3956 s
450 3892 599 3954 Pernicies
621 3902 733 3960 vatum,
758 3893 929 3965 nobilitatis,
953 3898 1061 3975 opumi

284 4076 344 4137 141·
713 4082 763 4131 DE
782 4081 893 4131 IVLIO.

363 4200 524 4262 Pertaesum
548 4205 593 4262 est
613 4199 708 4271 Petri,
732 4218 811 4261 nunc
832 4200 922 4262 lulius
943 4221 1009 4264 esse
1031 4201 1159 4273 laborat,

449 4302 550 4362 Martia
572 4302 747 4381 contemptis
770 4301 900 4364 clavibus
921 4323 1003 4366 arma
1025 4306 1116 4383 gerit,

230 4453 287 4506 tau.
318 4457 377 4507 Hoc
394 4457 575 4521 epopeus.
628 4451 695 4504 ⁴ct.
709 4455 795 4520 epigr.
813 4454 866 4507 135.
881 4474 920 4522 sq.
973 4457 1122 4525 Petraeum]
1140 4460 1294 4524 Petrinum,
1315 4461 1447 4513 Christic-

113 4616 117 4625 .
163 4552 234 4590 unm.
289 4539 307 4573 ¹¹
327 4546 451 4607 coeperut
468 4541 527 4590 edd.

232 4622 288 4675 tto.
317 4623 328 4657 ⁸
345 4625 547 4676 Bononiensem
565 4639 673 4675 emnem
690 4625 774 4684 Reno,
793 4627 870 4678 Pedo
888 4645 950 4680 sese
969 4630 1140 4681 miscentem.

230 4701 1086 4781 1u¹mncmmewmmmummmu
