3270 5354
241 826 296 875 Diu
315 830 358 875 est
376 824 446 889 quod
464 823 532 874 mihi
549 824 676 888 persuasi
701 822 781 888 inque
804 822 864 873 dies
888 824 989 873 certius
1014 824 1131 889 cognovi
1153 822 1223 874 nihil
1246 839 1379 890 umquam
1401 826 1461 874 acri·

173 915 281 976 ptorum
299 924 408 959 suorum
426 917 527 974 prester
546 907 681 973 epistulas
700 923 760 972 qum
780 907 814 957 ab
834 907 893 972 ipso
912 908 985 957 inter
1003 906 1187 958 Obscurorum
1211 909 1335 958 virorum
1355 910 1465 973 scripte

173 998 237 1044 sunt
256 998 284 1043 et
295 991 473 1058 Triumphum
486 992 638 1058 Capnionis
657 993 703 1056 qui
722 992 756 1041 ad
775 991 852 1041 illam
871 996 966 1042 contra
985 991 1170 1057 theologiam
1187 992 1397 1058 expeditionem
1408 1008 1464 1059 per·

173 1078 256 1139 tinet,
277 1078 429 1127 Hutteuum
447 1076 606 1142 publicasse
624 1077 679 1126 nisi
698 1077 821 1126 auctoris
839 1076 948 1127 nomine
966 1077 1105 1139 indicato,
1123 1091 1259 1143 speroque
1278 1077 1393 1128 tandem
1412 1078 1466 1127 iore

172 1167 204 1212 ut
221 1161 350 1212 desinant
368 1161 456 1211 eidem
476 1161 569 1211 aliena
587 1163 698 1225 viroque
717 1160 833 1226 indigna
850 1161 925 1224 (sunt
943 1165 1034 1210 autem
1046 1161 1169 1212 Hutteno
1187 1161 1305 1228 indigna
1324 1163 1412 1212 etiam
1430 1164 1466 1212 iu·

173 1247 366 1311 geuiosissima
385 1244 590 1311 lepidissimave
609 1245 701 1295 omnis
720 1260 779 1310 quoe
798 1260 852 1295 non
874 1245 929 1295 uisi
950 1260 999 1311 per
1020 1245 1195 1297 mendacium
1218 1245 1264 1298 vel
1288 1245 1466 1296 benevolenti

173 1331 265 1381 auimo
284 1330 509 1381 adscriberentur
527 1328 564 1394 ei)
584 1329 754 1391 adiudicare,
774 1329 833 1379 sive
852 1328 942 1380 laudis
959 1330 1013 1380 viri
1031 1329 1194 1382 exrouendae
1213 1331 1273 1381 sive
1293 1330 1466 1382 conviciandi

84 1469 87 1479 Ι
174 1414 292 1464 bominis
311 1429 399 1465 causa
417 1415 445 1464 id
464 1414 578 1466 iaciant
615 1413 688 1464 Sans
706 1416 777 1464 mira
795 1415 939 1464 temeritas
959 1418 1001 1464 est
1020 1419 1048 1464 st
1065 1405 1197 1477 desasto,
1221 1414 1320 1465 sedin
1338 1430 1395 1465 non
1413 1415 1465 1464 uul-

173 1499 208 1549 lis
227 1499 407 1550 circulatoria
424 1500 563 1550 iactantia
582 1502 610 1549 st
628 1500 796 1565 ignorantia,
817 1513 871 1564 qua
888 1498 1021 1562 Huttsno,
1040 1499 1112 1550 sicui
1130 1499 1169 1551 ali
1187 1500 1328 1565 scriptori,
1351 1515 1387 1550 ea
1404 1515 1464 1565 quo·

175 1598 227 1650 qne
246 1584 367 1635 tribuere
387 1579 475 1634 adhuc
493 1582 638 1634 voluerunt
657 1598 717 1649 quse
737 1585 783 1648 qui
801 1584 864 1633 sani
881 1583 977 1633 iudicii
995 1583 1051 1633 sint
1069 1583 1158 1634 eidem
1170 1599 1225 1634 nou
1237 1583 1402 1634 abiudicare
1415 1599 1463 1632 nou

173 1675 295 1734 possunt.
332 1669 386 1732 Qui
406 1668 470 1734 quid
488 1668 549 1718 haec
567 1683 666 1718 severa
685 1668 836 1719 admonitio
854 1667 901 1718 hic
919 1667 974 1718 loci
991 1667 1046 1718 sibi
1063 1667 1133 1718 velit
1150 1683 1184 1718 ex
1207 1683 1250 1718 me
1275 1673 1399 1734 quierat,
1422 1684 1462 1719 ve·

173 1754 248 1804 niam
267 1753 345 1804 dabit
362 1753 540 1818 respondenti
558 1768 670 1803 carmen
688 1752 758 1818 quod
776 1753 900 1818 sequitur
917 1768 961 1802 me
978 1753 1188 1818 transcripsisse
1206 1768 1222 1803 e
1239 1747 1338 1805 libello
1363 1756 1408 1804 cui
1426 1770 1461 1804 rs·

174 1838 283 1889 sentior
301 1851 398 1887 manus
416 1837 558 1904 inscripsit
577 1840 636 1887 ‘aut
652 1837 692 1888 vt.
704 1855 727 1887 v.
744 1838 858 1888 Hauen‘.
888 1836 1113 1887 Benivolentiam
1131 1852 1147 1887 a
1165 1835 1320 1890 lectoribus
1338 1839 1461 1889 inmerito

173 1927 310 1988 peterem,
336 1923 418 1972 immo
441 1923 570 1972 iniuriam
594 1921 697 1972 eisdem
720 1922 856 1984 iacerem,
880 1923 904 1972 si
928 1922 1063 1980 rationes,
1088 1920 1225 1991 equibus
1247 1923 1394 1974 adnotatio
1412 1925 1460 1974 ista

173 2007 247 2058 falsa
266 2007 384 2057 dicenda
403 2011 459 2069 est,
483 2005 606 2072 pluribus
629 2006 722 2057 verbis
745 2021 918 2072 exponerem.
954 2007 984 2057 bi
1006 2021 1102 2058 versus
1126 2005 1161 2057 ab
1179 2006 1362 2058 Huttsnianis
1385 2009 1459 2074 longa

174 2090 336 2142 alienissimi
354 2096 427 2141 sunt.
461 2092 520 2141 Nec
538 2091 618 2152 boni,
637 2096 730 2142 tamen
749 2092 891 2158 repetendi
909 2092 962 2141 visi
981 2096 1058 2153 sunt;
1081 2105 1135 2140 non
1154 2095 1210 2141 tam
1228 2096 1259 2142 ut
1278 2096 1415 2144 careatur
1431 2108 1459 2142 ne

173 2178 201 2226 in
218 2175 404 2241 neglegentiis
423 2176 526 2226 crimen
545 2177 591 2240 qui
610 2191 670 2241 quae
688 2177 813 2242 recipere
832 2176 989 2226 debuissem
1007 2175 1174 2234 omisissem,
1198 2176 1273 2241 apud
1293 2192 1343 2227 eos
1362 2179 1458 2228 incide-

173 2277 229 2312 rem
248 2261 295 2326 qui
311 2259 364 2310 boc
383 2275 493 2310 carmen
511 2259 628 2311 Hutteni
646 2276 707 2311 esse
725 2261 885 2328 opinentur,
909 2276 991 2327 quam
1014 2261 1079 2326 quia
1096 2260 1290 2312 documentum
1307 2278 1359 2328 per
1376 2276 1407 2314 ss
1423 2277 1459 2312 sr-

172 2347 207 2396 tis
226 2343 403 2396 memorabile
422 2349 451 2395 et
469 2345 503 2395 ad
515 2345 632 2394 Hutteni
651 2346 780 2396 carminis
799 2345 978 2396 exhortatorii
995 2345 1252 2411 interpretationem
1269 2346 1340 2397 utile
1353 2347 1458 2399 videba-

171 2434 224 2492 tur,
242 2433 379 2496 praeterea
392 2429 481 2480 adhuc
494 2444 510 2479 a
523 2431 632 2479 nemine
646 2444 725 2495 quem
743 2431 831 2480 sciam
850 2435 898 2481 aut
915 2431 1062 2496 repetitum
1081 2434 1130 2481 aut
1147 2430 1183 2481 ad
1194 2431 1382 2482 Maximiliani
1400 2434 1457 2498 imp.

173 2530 217 2565 res
241 2519 336 2579 gestas
361 2513 530 2565 enarrandas
553 2513 706 2565 adhibitum
728 2520 782 2565 est.
816 2515 923 2580 Prodiit
946 2519 1040 2565 autem
1063 2513 1175 2565 libellus
1198 2514 1259 2567 sins
1282 2515 1340 2567 loci
1363 2519 1455 2567 anniae

172 2599 343 2650 indicatione
363 2599 504 2665 (Augustae
516 2599 735 2662 vindelicorum,
755 2603 834 2666 puto,
855 2615 926 2650 anuo
946 2597 1031 2664 1510.)
1049 2603 1112 2651 octo
1131 2599 1277 2665 quadratis
1296 2600 1383 2662 loliis,
1402 2617 1457 2666 quo·

171 2700 230 2735 rum
249 2682 340 2734 altera
359 2688 387 2734 ct
405 2683 501 2734 ultima
519 2684 628 2749 paginas
648 2701 665 2734 a
683 2686 820 2751 scriptura
839 2688 953 2748 vacant,
974 2688 1075 2735 ceterre
1093 2683 1210 2750 singulo
1228 2685 1354 2736 tricenos
1371 2701 1457 2737 versus

171 2766 291 2831 babent,
311 2771 412 2834 proeter
430 2767 545 2833 primam
564 2769 593 2818 in
612 2784 665 2833 qua
683 2769 752 2819 nibil
771 2769 826 2820 nisi
843 2767 903 2819 haec
922 2769 1067 2836 inscriptio
1084 2772 1139 2821 est:

337 2884 1012 3006 Zibrurrsutilltttrs
1050 2885 1268 2983 stills

337 3020 528 3096 ltrisfimos
553 3022 647 3096 sacri
674 3023 837 3098 Romani
863 3023 1019 3124 Imperii
1044 3021 1262 3101 Electores:

337 3140 519 3241 Reliquos
548 3169 584 3242 q3
608 3141 760 3217 inolitos
789 3143 829 3217 in
856 3143 1021 3219 concilio
1040 3143 1264 3253 Augustonfi

337 3260 577 3338 Germanoru
591 3263 806 3364 Principes:
835 3262 975 3349 Carme‘
992 3262 1264 3339 exhortatorii:

238 3415 281 3466 De
300 3415 353 3467 boc
371 3422 509 3468 convsutu
526 3417 695 3469 Trithemius
713 3419 742 3469 in
761 3417 891 3470 chronico
909 3419 1105 3485 Hirsaugiensi
1123 3418 1162 3482 (S.
1177 3417 1253 3470 Galli
1273 3417 1349 3470 1690.
1362 3418 1410 3469 ror.
1424 3417 1457 3468 li.

170 3515 196 3566 p.
209 3497 281 3565 650.)
299 3501 399 3564 „duno
416 3502 506 3553 MDX.
520 3508 670 3554 conventus
688 3503 841 3568 principum
860 3503 933 3570 apud
949 3504 1100 3570 Augustam
1113 3503 1282 3554 Rboetiorurn
1303 3519 1376 3555 auno
1394 3518 1456 3569 prte-
1491 3547 1493 3552 ,

170 3584 287 3635 cedente
305 3600 355 3651 per
367 3585 581 3637 Maximilisnum
593 3603 687 3653 regern
705 3588 826 3640 indictus
843 3588 879 3639 ad
897 3588 997 3639 festum
1009 3588 1176 3654 Epiphanio
1195 3588 1368 3639 celebratur:
1387 3588 1456 3638 lente

172 3668 272 3734 coepit,
294 3669 343 3721 ssd
364 3670 412 3721 diu
433 3670 557 3736 duravit,
586 3689 603 3722 a
625 3673 762 3739 principio
785 3673 917 3724 videlicet
939 3673 1064 3723 Ianuarii
1087 3687 1172 3738 usqne
1196 3673 1233 3731 ad
1254 3672 1337 3729 hem
1360 3674 1457 3725 mensis

170 3752 265 3804 Matr&
301 3753 439 3807 Recessus
470 3772 549 3823 quem
578 3762 681 3808 vocant
709 3757 881 3824 subscriptus
911 3761 953 3807 est
982 3757 1007 3808 d.
1019 3757 1061 3807 22.
1075 3756 1143 3807 Maii
1167 3773 1192 3808 a.
1214 3754 1290 3811 tulo
1324 3759 1411 3809 Extat
1432 3759 1456 3806 iu

171 3835 335 3908 &ummluttq
352 3839 394 3894 δεῖ
411 3839 630 3905 fficioscblqiebr.
649 3840 689 3908 ῧῘ.
705 3842 777 3892 1747.
792 3841 840 3894 fol.
853 3846 918 3893 tom.
931 3843 967 3892 11.
981 3859 1007 3908 p.
1020 3840 1062 3893 32
1077 3855 1135 3906 sqq.
1171 3842 1303 3893 Subsidia
1322 3843 1357 3894 ab
1377 3843 1457 3908 imps-

170 3927 262 3974 ratore
281 3927 378 3975 contra
397 3926 519 3976 Venetos
537 3925 690 3977 officiosius
708 3928 842 3993 promissa
860 3941 941 3993 quam
959 3926 1114 3992 religiosius
1131 3927 1259 3992 prestita
1276 3933 1350 3978 sunt.
