3270 5354
183 325 257 397 3¹8
284 356 430 393 uantum
444 356 479 391 D!
493 357 608 393 vnnnw
620 358 704 394 vente
717 358 861 394 Aessnsrv
874 336 1073 395 Psusountcvtt
1086 359 1206 395 CABHBN.
1221 359 1378 397 ouscnvu.

380 514 569 586 Pallentesque
589 515 691 586 affectu
711 529 798 586 qenes
814 515 974 585 pelluntque
994 518 1124 571 recincta.

329 616 366 655 rus
382 599 438 655 liec
458 602 525 653 satis
545 601 588 654 itte
608 614 696 654 senex
717 606 809 667 notus,
833 603 878 654 cui
898 606 1021 671 tempora
1043 616 1116 656 cana

379 684 467 740 Mitra
489 687 550 756 teqit
569 699 705 758 sacroque
722 690 805 754 caput
825 687 965 756 consurqit
982 685 1101 745 honore:

379 769 493 825 Dulcior
511 769 619 840 affatu:
640 771 764 842 quamuis
786 774 811 824 et
832 786 977 825 murmura
999 770 1099 842 linques

379 853 426 909 Nil
441 856 545 909 triviale
565 862 668 909 sonent.
713 855 830 926 Iamque
850 857 877 908 in
899 869 929 909 se
946 863 1041 911 nostra
1058 864 1197 930 retorquet

379 939 494 994 Lumina
516 939 628 1011 syderei
647 945 735 993 mater
752 939 880 1011 formosa
905 939 1044 996 Tonantis.

329 1041 368 1081 aso
382 1023 438 1080 Sed
455 1024 522 1096 quid
543 1039 585 1078 me
600 1023 706 1097 fessum
724 1026 837 1095 rapiunt
857 1025 921 1079 ltirtc
940 1025 1001 1095 suto
1023 1031 1175 1081 retrorsum

381 1108 561 1182 Obiiciturque
577 1111 680 1180 procul
700 1112 816 1175 iuuenis,
837 1111 884 1181 qui
903 1110 976 1164 reuda
998 1114 1135 1166 reuinctus
1363 1106 1458 1192 ml*

379 1193 504 1250 Membra
525 1197 595 1249 iacet
614 1196 707 1250 mediis
725 1195 864 1265 flammis?
886 1209 936 1249 nec
954 1195 1016 1250 dira
1038 1203 1151 1251 recusat

379 1278 536 1352 Supplicia,
560 1280 864 1352 admotumque-rapum
885 1296 940 1335 non
953 1283 1055 1349 sentit,
1076 1280 1178 1337 nonore

378 1364 505 1421 Percitus
521 1381 640 1421 arcano:
659 1365 726 1420 ltine
744 1366 843 1434 oculis,
863 1364 928 1419 ltine
947 1373 1062 1437 pectore
1083 1372 1135 1422 toto

328 1463 366 1505 us
381 1448 485 1505 Pendet
505 1457 531 1505 et
549 1451 673 1505 admotas
691 1466 745 1505 non
768 1453 881 1521 respicit
900 1465 949 1506 ore
969 1453 1118 1510 ministras.

378 1534 500 1591 secubat
517 1537 639 1603 ardenti,
660 1550 743 1591 suras
759 1536 878 1591 nudatus
895 1543 921 1591 et
939 1535 1033 1603 ulnas,
1315 1531 1457 1610 ffimm

340 1614 345 1622 ’
379 1618 573 1695 contectusque
594 1621 722 1677 humeros
744 1623 897 1693 austrisque
917 1628 1042 1676 extrema
1058 1623 1157 1693 ementi

379 1706 497 1773 Cortice,
519 1706 631 1761 demissi
650 1708 695 1761 cui
714 1712 777 1762 sunt
794 1722 849 1777 pro
867 1712 939 1761 veste
959 1707 1067 1776 capilli.-

379 1790 513 1846 Nimirum
534 1792 579 1846 liic
600 1792 644 1847 ille
661 1798 713 1859 est,
735 1791 855 1846 celebrat
873 1807 953 1863 quem
970 1794 1109 1847 maximus
1128 1791 1217 1860 orbis,
1241 1797 1247 1808 '

326 1891 365 1933 mo
380 1874 485 1948 Quique
507 1879 558 1932 tuis
574 1882 694 1944 castam,
712 1876 836 1948 fatorum
855 1879 994 1946 conscius,
1017 1894 1136 1949 aquam,

378 1960 530 2030 iordanes,
549 1964 680 2018 immersit
697 1964 784 2034 aquis
806 1978 863 2017 roa
880 1960 979 2032 ferrea
1003 1962 1103 2017 murido

377 2046 706 2120 Inclamat‘properute,
727 2050 794 2114 uiri,
816 2050 850 2102 sit
864 2049 959 2102 semita
981 2049 1042 2119 reqi
1145 2106 1155 2123 ο

377 2131 519 2204 ‘Undique
537 2141 635 2204 aperta
660 2134 728 2188 sno'.
750 2132 801 2187 sed
820 2133 886 2204 quid
900 2134 991 2187 crucis
1013 2146 1111 2204 aqnien
1132 2133 1170 2187 ad
1189 2147 1261 2195 aras

378 2215 527 2288 Conspieor
543 2218 721 2290 armiferum,
742 2219 784 2273 vel
803 2234 865 2289 quse
884 2232 983 2272 neonus
1003 2220 1122 2289 impiqra
1142 2219 1246 2272 cneum

325 2316 363 2357 trs
378 2302 521 2364 Excubak
539 2321 576 2357 an
598 2320 748 2374 numquam
768 2305 847 2358 statio
867 2302 928 2357 nac
947 2310 1002 2357 tam
1020 2303 1079 2374 fidu
1100 2304 1228 2358 remittit?
1248 2353 1253 2361 ,

368 2386 439 2442 1Ηειι
461 2389 571 2443 nimium
589 2391 694 2460 seqnis!
714 2389 780 2460 quid
795 2402 837 2441 me
858 2403 919 2442 mea
939 2394 1000 2444 nota
1018 2392 1164 2443 morantur

375 2470 433 2527 Per
446 2475 567 2545 qeminos
586 2475 712 2544 scopulos
732 2475 872 2545 surqentia
892 2473 985 2527 limina
1006 2473 1116 2529 dnum?
1289 2464 1447 2545 ssfflffl·

374 2556 465 2613 Huius
483 2560 585 2614 dextra
605 2561 691 2630 quatit
703 2560 842 2629 politiam,
864 2561 952 2631 quatit
969 2560 1013 2613 ille
1033 2559 1146 2614 sinestra

375 2641 498 2699 Proemia
518 2643 629 2699 denictee
646 2659 701 2714 per
722 2649 758 2698 tot
778 2645 929 2698 certamina
951 2650 1043 2698 terroe.

323 2743 361 2783 tes
376 2729 472 2784 Foilor
493 2746 529 2783 nn
547 2743 668 2783 arcanos
688 2730 749 2783 caeti
766 2734 889 2784 scrutato
910 2742 1035 2784 recessus

374 2812 444 2869 Hoec
462 2816 522 2869 auis
542 2815 588 2868 itta
605 2820 718 2886 potera,
738 2830 800 2884 quoe
821 2829 895 2868 necne
914 2828 1001 2884 super
1018 2813 1110 2868 ardua
1132 2813 1230 2869 mundi

374 2897 545 2971 Preepetilms
565 2899 656 2954 uolitat
666 2901 781 2969 pennis,
803 2915 877 2954 nunc
898 2899 961 2954 loeta
980 2898 1106 2953 relabens

373 2983 426 3039 His
446 2989 560 3040 sacrata
581 2984 659 3042 audis
678 2983 730 3038 sibi
748 2984 836 3039 detrita
859 2985 959 3055 tempta
976 2985 1076 3039 reuisit.

375 3067 396 3124 0
417 3069 508 3125 diuum
523 3069 702 3125 memoranda
722 3069 832 3137 domus,
854 3069 1126 3140 circumfluentes,

322 3169 359 3210 ms
375 3154 478 3226 Ecqua
500 3171 565 3209 nam
582 3170 714 3227 superum
736 3170 791 3210 non
811 3154 854 3209 ln's
874 3155 1027 3209 simulacra
1048 3161 1196 3210 coruscant

373 3239 536 3308 littoribus,
557 3242 665 3311 sparsis
684 3254 717 3294 en
738 3242 841 3295 circum
863 3248 985 3310 tempora
1005 3240 1083 3293 cernis

371 3325 512 3381 Fatidicus
532 3332 619 3392 autes,
643 3340 758 3397 maqnus
778 3327 824 3380 cui
839 3340 902 3380 voce
923 3324 1055 3379 sacerdos

372 3408 504 3466 Proditnr
524 3410 675 3466 antediem
696 3413 793 3477 terris,
814 3425 890 3464 nune
909 3410 1013 3482 sydera
1031 3410 1126 3480 pulsat

377 3493 484 3550 Vertice
503 3501 528 3549 et
548 3495 690 3551 exhaustis
709 3497 759 3550 uni
778 3496 851 3550 cadit
872 3493 926 3550 leta
947 3497 1077 3561 metallis,

319 3594 357 3636 tto
371 3580 608 3653 Dalmaticumque
628 3583 699 3636 latus
718 3579 878 3653 Chalcisque
900 3580 1006 3635 undosa
1027 3580 1143 3635 resedit:

369 3663 491 3721 Miratur
512 3681 563 3720 suu
585 3666 684 3737 templo
705 3680 806 3734 senex,
829 3667 950 3744 miratum·
965 3665 1085 3721 notiores

369 3751 589 3823 Foemiueumqne
610 3751 722 3807 eliorum
745 3759 770 3805 et
787 3752 872 3822 plena
893 3753 1023 3806 sacraria
1046 3751 1123 3807 dinis.

371 3834 423 3892 Cui
440 3838 648 3908 superimposito
665 3854 758 3908 paruo
781 3836 841 3890 lteee
863 3842 944 3891 uacent
963 3853 1017 3890 ara
1033 3837 1147 3903 sacello,
1294 3828 1408 3909 ,ἯἭ
1420 3829 1448 3865 ”·

1336 3926 1355 3950 ra
1367 3918 1432 3951 donus

367 3922 423 3976 Aut
443 3922 550 3993 qualem
572 3928 636 3977 ante
656 3923 747 3977 oeulos
767 3922 860 3993 proles
882 3920 997 3994 Alpmia
1019 3922 1113 3975 molem
1271 3967 1330 4001 m
1341 3961 1448 3995 m

234 4117 267 4151 ²⁰⁵
285 4118 312 4172 S.
325 4121 383 4171 Lio.
447 4118 481 4154 ¹⁰⁶
497 4119 592 4187 Mitris]
610 4136 697 4186 papae.
761 4118 795 4153 ¹⁰⁸
812 4119 840 4171 S.
855 4121 944 4172 Maria
958 4121 1082 4185 formosa.
1101 4122 1300 4187 antiquissimum
1319 4122 1436 4171 allariano

166 4220 219 4252 rum
237 4208 383 4269 templorum
405 4207 518 4256 l'enetiis
535 4214 719 4271 estractamtm.
788 4203 821 4237 ²¹¹
840 4205 870 4255 S.
883 4207 1010 4257 Larenzo.
1074 4204 1108 4238 ²¹⁵
1125 4203 1279 4271 ministras]
1298 4210 1357 4257 ord.
1371 4207 1447 4257 Bene·

166 4291 235 4338 dieti.
288 4288 321 4322 ²¹⁰
339 4290 367 4340 S.
383 4290 506 4342 Gioaanni
524 4295 567 4342 del
582 4294 674 4356 tempio
691 4307 713 4341 s.
727 4292 759 4341 de
772 4292 887 4346 Furloni.
900 4293 1040 4356 prioratus.
1092 4288 1125 4323 ²²¹
1143 4289 1172 4340 S.
1186 4293 1328 4342 Antonino.
1346 4291 1445 4356 paracl.

165 4373 268 4424 sorbuli
286 4378 311 4425 1.
333 4377 392 4426 Vult
409 4377 437 4427 S.
451 4377 557 4436 Servati,
574 4384 647 4442 puto.
664 4379 711 4429 sed
722 4374 751 4439 S.
764 4375 859 4427 Seuera
876 4382 986 4442 propior
1002 4383 1041 4427 est
1059 4376 1086 4426 S.
1101 4376 1251 4440 Antonino?
1302 4376 1337 4410 ²⁸⁰
1355 4380 1383 4429 S.
1396 4378 1446 4427 eto

164 4461 240 4509 nonni
255 4463 416 4512 nuooo==in
427 4464 508 4527 optim·
526 4464 592 4512 illias
609 4466 664 4513 oleo
679 4463 795 4526 feruenti
806 4464 959 4527 interempti.
1004 4459 1037 4494 ²⁸⁴
1050 4460 1079 4512 S.
1094 4462 1229 4513 Zaecaria.
1277 4460 1312 4495 ²⁴²
1331 4456 1444 4524 charum]

165 4544 397 4597 Benedictinaram.
465 4546 503 4612 pl.
521 4545 604 4613 suan]
629 4547 784 4599 Benedictus
803 4549 857 4597 PP.
870 4553 914 4597 lll.
932 4563 983 4597 non
1005 4551 1072 4598 natta
1092 4555 1237 4599 sanctorum
1260 4564 1375 4613 corpora
1395 4547 1445 4597 talc

148 4635 253 4695 ,templo
277 4633 387 4683 donauit.
440 4630 488 4681 SS.
503 4633 608 4696 Felippo
632 4648 646 4682 e
666 4633 792 4683 Giacomo.
815 4632 1038 4684 Benedictinorum
1060 4635 1125 4683 alim.
1170 4632 1207 4683 'Il
1226 4636 1336 4697 palazzo
1354 4635 1441 4685 manle.

163 4724 265 4765 arserat
283 4733 307 4766 o.
322 4720 396 4766 1477.
1239 4712 1248 4727 '
