3270 5354
165 381 239 456 338
404 411 528 448 ΗΠΤΕΜ
541 409 708 447 mmm!
721 409 836 454 nonnul
849 409 1049 446 Dflflssnssss
1062 409 1219 447 81101011.

366 565 446 626 Retia
469 567 546 643 gerit
568 567 618 644 qui
641 583 701 625 non
724 565 833 624 nostris
855 582 887 624 se
911 565 1022 625 viribus
1044 572 1154 625 armet:

316 688 353 728 iso
367 667 428 728 Nos
449 668 523 727 Asiae
545 684 631 744 reges
652 667 817 746 Tanaisque
841 665 950 726 ferocia
973 683 1063 744 regna

347 769 403 830 'Et
423 770 486 830 iera
508 768 674 829 'furcarum
697 787 802 828 manns
825 768 1008 847 Assyriaeque
1030 769 1162 848 tyranni,

366 871 499 932 Sarmata
521 889 576 930 nos
598 870 758 948 Partbique
780 869 896 946 legunt,
919 888 975 929 nos
995 871 1095 931 Persia
1117 869 1201 931 dives

367 975 441 1034 Ante
463 974 557 1033 aciem
579 974 695 1043 statuit,
720 990 773 1032 nos
796 971 896 1032 ultima
919 989 1010 1050 regna
1033 972 1192 1053 sequendis

367 1075 510 1136 ddectant
532 1076 651 1145 eastris,
676 1092 729 1134 nos
751 1072 873 1134 ultimus
895 1075 1006 1152 appetit
1028 1073 1125 1144 orbis;

234 1156 240 1166 ’
316 1195 352 1236 iu
367 1176 428 1237 Nos
450 1193 541 1255 penes
563 1183 607 1237 est
629 1176 757 1237 studium
780 1194 948 1245 armorum,
972 1193 1026 1236 nos
1048 1177 1102 1237 ista
1124 1175 1283 1243 doceauus,

365 1276 426 1337 Nos
448 1278 585 1347 iacimus,
610 1295 663 1354 per
685 1295 739 1338 nos
762 1275 809 1337 alii
833 1278 1002 1356 iaciuntque
1024 1278 1197 1357 sciuntque;

366 1379 501 1439 indicunt
522 1377 570 1438 alii
593 1381 751 1457 iurautquo
773 1381 802 1439 in
825 1378 900 1439 bella
925 1379 1067 1448 uicissim,

366 1480 427 1541 Nos
449 1481 593 1558 gerimus,
618 1482 708 1541 vineit
729 1482 878 1542 Germano
901 1479 992 1542 milite
1014 1482 1148 1560 quisquis

367 1581 447 1643 Retia
470 1584 553 1660 gerit,
578 1589 677 1642 nostra
702 1589 746 1642 est
768 1582 831 1642 baec
853 1581 957 1658 gioria,
980 1582 1102 1662 solaque
1124 1591 1226 1645 nostra
1249 1590 1302 1644 est.

316 1704 353 1745 iao
368 1683 444 1755 Quid
468 1683 564 1744 dicam
587 1702 686 1744 mores
709 1686 747 1744 ita
770 1683 848 1744 nuda
871 1686 901 1744 in
925 1690 1012 1763 gente
1034 1685 1177 1763 pudicos?

366 1787 540 1865 Quanquam
556 1785 669 1864 aliquas
684 1785 835 1854 dederint,
853 1786 931 1866 quod
948 1794 1065 1852 nostras
1080 1785 1184 1865 polluit
1199 1786 1304 1855 nrbes,

368 1886 521 1958 1101110011,
544 1887 640 1956 labes,
664 1887 743 1957 itali;
768 1906 936 1966 quanquam
959 1887 1094 1968 improba
1118 1887 1211 1949 Roma

367 1990 486 2051 Venerit
508 1991 536 2050 in
559 1992 634 2050 ritus
656 1991 831 2069 spurcisque
854 1990 992 2052 infecerit
1014 1990 1090 2052 istud

366 2093 442 2153 tiore
463 2090 647 2162 libidinibus,
671 2099 784 2153 castum
807 2092 975 2170 corruperit
996 2110 1100 2161 omne,

317 2213 355 2253 us
370 2193 478 2263 Roma,
502 2194 689 2253 sacerdotum
713 2192 799 2254 luxus
820 2195 968 2272 vitamque
990 2196 1126 2273 supinam

366 2292 542 2356 Pontificum
564 2303 706 2355 nontam
729 2296 790 2372 ipsa
813 2294 912 2356 serens
934 2314 1021 2374 quam
1044 2297 1157 2356 semine
1180 2312 1285 2376 sparso

367 2396 512 2457 Gentibus
532 2397 701 2458 immittens.
736 2396 811 2468 Quid
834 2397 930 2458 dicam
953 2399 1036 2458 utin
1060 2397 1186 2459 urbibus
1208 2399 1280 2478 ipsis

366 2498 424 2558 Tot
446 2499 563 2559 veniant
584 2498 696 2567 cuitus,
721 2505 763 2557 tot
778 2517 865 2576 opes,
887 2506 948 2559 tam
963 2498 1116 2579 splendida
1132 2508 1254 2570 cuncta,

368 2601 405 2662 Ut
426 2599 497 2660 nubi
520 2599 607 2660 nobis
628 2601 724 2661 ausint
746 2607 862 2661 certare
884 2601 1016 2678 priores?

317 2722 354 2763 uo
369 2701 429 2763 Nos
452 2703 539 2763 etiam
561 2709 733 2779 argentum,
758 2719 812 2761 nos
835 2701 934 2762 nobile
957 2704 1100 2764 mittimus
1122 2720 1245 2772 aurum.

367 2995 438 3052 belia
461 2995 533 3068 gerit
556 2996 601 3068 qni
624 3011 678 3051 non
702 2996 804 3051 nostris
825 3010 854 3050 se
876 2994 980 3051 viribus
1001 3002 1106 3051 armet:
1210 3046 1213 3051 .

366 3081 422 3136 Nos
444 3082 514 3139 Asiae
536 3097 615 3152 rogos
638 3080 788 3153 'sairaisque
810 3079 912 3136 icrooia
934 3097 1016 3154 regna

316 3183 353 3223 ton
368 3166 400 3222 Et
422 3165 479 3221 isra
502 3164 648 3221 Turcaruui
672 3183 765 3222 manus
786 3165 958 3239 Assyriaeque
982 3165 1103 3239 tyranni,

367 3250 487 3307 Sarmata
509 3267 559 3305 nos
581 3249 729 3325 Parthiquo
750 3249 860 3323 legunt,
884 3268 934 3307 nos
956 3250 1048 3306 Persia
1069 3250 1144 3307 dives

367 3338 436 3391 Ante
458 3335 543 3391 aciem
565 3336 677 3397 statuit,
700 3351 750 3391 nos
773 3337 864 3390 omniu
887 3353 970 3409 regna
993 3335 1139 3410 sequendis

366 3420 501 3477 diicctant
521 3421 632 3482 castris.
655 3437 707 3476 nos
728 3419 842 3477 ultimus
863 3420 969 3495 appetit
991 3420 1080 3483 orbis:

366 3506 421 3561 Nos
443 3522 529 3580 penos
551 3514 593 3561 ost
615 3505 735 3561 studium
757 3523 909 3567 armorum.
932 3523 983 3562 nos
1006 3506 1057 3562 ista
1080 3504 1220 3563 (docemus.
1394 3515 1436 3569 put

317 3608 354 3647 uo
369 3590 438 3658 Quid
460 3590 546 3647 dicam
569 3607 661 3647 mores
683 3591 721 3646 ita
744 3590 816 3646 nulla
840 3591 867 3646 iu
890 3600 972 3664 gente
995 3589 1126 3664 pudicos?
1396 3601 1437 3655 (1111

366 3675 523 3749 Quanquam
545 3674 650 3749 aliquas
672 3675 809 3738 dederint,
832 3676 903 3749 quod
927 3683 1035 3732 nostras
1056 3675 1157 3748 polluit
1179 3674 1279 3739 urbes.

367 3760 507 3828 Semiviri,
530 3759 620 3823 laites,
642 3760 711 3816 itali.
735 3759 804 3828 Quid
827 3761 854 3815 in
878 3760 992 3817 urbibus
1014 3760 1081 3834 ipsis
1342 3775 1394 3827 (1³2
1405 3768 1439 3818 1111

367 3844 419 3901 Tot
441 3859 588 3900 memorem
609 3844 713 3908 cultus.
737 3853 779 3901 tot
801 3860 880 3919 opes.
905 3853 959 3901 tarn
981 3844 1121 3920 splendida
1142 3854 1258 3909 000010,
1396 3853 1440 3910 (itti

366 3929 400 3986 Ut
421 3930 489 3986 nulii
512 3929 592 3987 nobis
609 3920 717 4001 possint
736 3937 842 3987 certare
864 3930 989 4004 priores?

315 4029 353 4071 no
367 4014 421 4072 Nos
443 4015 524 4071 etiam
546 4023 702 4088 argentum,
725 4032 776 4072 nos
798 4014 889 4072 nobile
910 4016 1042 4072 mittimus
1065 4031 1177 4078 aurum,
1398 4021 1442 4078 0111

232 4298 265 4333 ¹¹³
283 4297 551 4367 ult.]romotisaimo.
600 4296 1111 4365 11100110]0000110(0100000100000.
1164 4292 1442 4362 Μ1101011000ομ

164 4401 186 4435 e.
201 4401 281 4436 00000
294 4384 395 4452 (puros,
409 4383 531 4447 severos)
545 4384 660 4434 animos.
715 4382 747 4416 ¹³⁴
760 4388 830 4434 onst.
843 4382 933 4450 omno]
947 4385 964 4433 1.
979 4399 1003 4434 o.
1018 4385 1178 4434 castitatem
1191 4399 1310 4443 omnem.
1346 4382 1378 4417 ¹⁴⁰
1388 4382 1443 4444 „br-

164 4475 276 4535 gentum
295 4476 323 4520 at
342 4485 436 4521 nurum
455 4469 566 4534 propitii
586 4484 622 4518 on
641 4469 707 4519 irati
725 4468 765 4518 dii
783 4470 948 4534 negaverint
966 4468 1088 4519 dubito”.
1112 4469 1173 4520 Tac.
1187 4468 1281 4520 Germ.
1295 4470 1320 4520 5.

231 4588 264 4622 ¹⁰³
282 4604 336 4640 uon
355 4593 379 4639 1.
434 4588 468 4620 ¹⁰⁴
484 4586 549 4655 Nos]
569 4590 628 4639 Hos
646 4592 671 4639 1.
717 4587 749 4620 ¹⁰⁷
768 4603 817 4639 uos
836 4591 860 4638 t.
914 4587 992 4638 ⁸uos
1011 4591 1035 4638 1.
1082 4589 1143 4640 Non
1162 4589 1235 4640 insto
1253 4589 1316 4641 1000
1333 4593 1442 4639 vet-ne

163 4686 214 4723 nus
231 4673 278 4723 hic
297 4674 446 4739 adscripsit
464 4673 670 4724 adnotationem
694 4673 860 4738 „Hyspanie
879 4689 896 4724 0
915 4672 1042 4724 classicis
1064 4673 1249 4741 scriptoribus
1271 4674 1372 4726 dicitnr
1392 4666 1441 4721 nlti-

163 4771 223 4808 mna
240 4757 340 4809 orbis'’.
