3270 5354
321 364 357 399 ns
369 362 530 400 saumones
543 363 712 405 usmarusa.
727 362 918 397 ‹sunusuoavu
934 316 1081 397 insuetius
1095 363 1206 398 canusii
1220 364 1342 399 uxuous.
1407 335 1477 405 197

250 566 266 595 ,
387 522 480 579 laetat
498 524 540 579 iot
560 526 638 578 terro
654 523 785 593 posuisse
802 523 830 575 in
852 521 955 592 oirqinc
975 519 1063 577 seiles.

337 623 375 665 tto
389 606 457 677 θυῖε
474 606 554 679 serat
573 606 654 662 boec?
675 604 732 662 Sui
751 613 816 661 suni
831 608 979 676 praviora:
1002 607 1063 675 quis
1083 605 1182 661 obstitit
1201 608 1264 664 olim

386 690 505 765 Semper
523 697 550 748 et
568 690 633 747 buu
653 696 742 746 oestro
758 692 873 763 imperio
892 691 978 761 mapis
996 689 1064 744 urbe
1082 691 1205 762 superba

386 776 532 833 Adriacat
552 790 591 831 ee
612 776 658 831 illo
679 777 735 829 iam
758 782 814 830 tum
834 792 897 847 quoe
915 776 1002 830 inuisa
1024 773 1123 848 Pipirw

385 861 424 918 Et
439 860 543 918 &ricta
558 859 627 932 suit,
646 862 771 934 quamuis
790 865 881 931 scepei,
904 868 931 913 et
951 866 1041 914 tumen
1058 862 1132 914 itiam

385 946 594 1019 luciuperatrici
611 943 733 1019 Maqnus
754 946 888 999 concessit
908 942 989 1000 lreni

335 1048 373 1090 su
386 1030 516 1099 andiu,
538 1028 623 1086 ltalia
644 1030 745 1098 imno,
765 1036 813 1085 out
827 1042 904 1100 pone
924 1034 1015 1084 secuto

383 1114 556 1187 Nicepboros
577 1114 641 1170 buie
661 1115 774 1170 Primus
790 1117 843 1169 toto
861 1116 1018 1169 commertia
1036 1129 1122 1186 reqno

383 1199 533 1257 lntertiixit
552 1198 634 1267 osio,
653 1200 725 1254 iusta
745 1212 896 1255 succensus
917 1198 952 1253 ab
969 1199 1030 1260 ira,·

386 1285 444 1343 lies
466 1287 557 1341 misus
577 1284 701 1339 ilenrico
723 1301 741 1338 o
762 1290 862 1356 quarto
884 1284 994 1340 diemo
1017 1289 1111 1339 notata
1133 1292 1186 1353 est,

384 1371 473 1443 Atque
493 1370 570 1427 aiis:
591 1369 652 1425 odio
670 1369 721 1424 secl
739 1371 811 1424 enim
824 1368 960 1439 patefecit
980 1367 1105 1424 habenas

335 1472 372 1513 iso
384 1457 463 1512 Auso
478 1448 577 1528 palam
597 1467 658 1509 sese
677 1453 824 1509 Fricierico
844 1468 986 1523 opponere
1004 1454 1111 1524 primo,

383 1540 523 1613 Falsaque
540 1539 642 1613 cumini
656 1540 768 1594 mentiri
784 1538 892 1593 uincula
915 1536 1040 1605 Othonis,

384 1626 475 1699 Atque
495 1626 534 1679 ita
551 1625 676 1680 mentitos
693 1630 800 1679 caterno
820 1624 849 1677 in
868 1624 952 1677 sucta
969 1622 1121 1694 triumphos

384 1710 503 1783 qucre
525 1715 580 1764 tam
601 1706 704 1764 celebri
719 1707 884 1780 spectandos
902 1714 988 1779 porte
1007 1707 1136 1778 superbae

388 1794 483 1861 Urbis,
505 1794 541 1850 ab
561 1792 662 1849 imbelli
682 1794 848 1850 Germanico
870 1799 962 1848 rostra
983 1794 1061 1848 leone

334 1895 372 1937 sss
385 1878 483 1936 Mersa
508 1880 582 1934 mari
598 1877 733 1951 fusasque
756 1884 846 1943 rates,
866 1878 1004 1948 titulantia
1025 1880 1105 1950 siqua

248 2162 280 2197 ¹⁸
301 2166 321 2215 i.
339 2179 362 2215 e.
380 2164 520 2215 insolenter
543 2164 717 2213 exclamantes
743 2162 882 2211 Venetioul
906 2160 1043 2222 ploriosius
1070 2161 1102 2210 cle
1129 2176 1158 2210 se
1179 2163 1325 2226 pru’tlicont
1347 2166 1422 2215 seties
1445 2182 1473 2217 se

178 2254 306 2313 misse,
330 2248 417 2301 nibem
439 2264 510 2299 mam
533 2247 691 2303 condidisse,
713 2246 739 2294 in
763 2253 835 2296 terra
858 2246 969 2309 oirqine,
992 2244 1039 2294 loc
1057 2251 1096 2293 est
1113 2248 1138 2294 in
1155 2249 1209 2296 solo
1227 2254 1305 2297 antea
1322 2247 1354 2297 ab
1371 2249 1473 2300 bomini-

178 2329 224 2385 δὴ
243 2349 295 2385 nom
317 2338 451 2399 oempuo.
522 2328 607 2375 ¹⁴²¹*
625 2332 689 2380 Post
712 2332 785 2380 uaria
807 2347 824 2379 a
846 2330 939 2394 Piptno
964 2329 1051 2379 ltalia·
1073 2345 1145 2394 repe,
1172 2330 1260 2381 Caroli
1276 2332 1313 2382 iit.
1328 2335 1397 2395 filio,
1420 2351 1473 2384 cum

181 2419 287 2469 Venetis
309 2418 458 2485 Graecisque
484 2416 544 2467 inde
572 2416 605 2467 ab
630 2432 696 2467 anno
714 2418 773 2466 809.
793 2417 923 2465 commisso
943 2416 1038 2479 praelia
1061 2416 1103 2464 itte
1126 2416 1162 2464 uel
1183 2432 1256 2467 unam
1279 2433 1364 2467 omncs
1391 2419 1472 2469 Vene-

177 2492 333 2554 tes‘insulas
349 2505 418 2569 cepit
435 2504 545 2560 a.8lb.,
570 2502 613 2568 qui
634 2502 703 2567 reqis
724 2514 855 2564 supremus
870 2499 931 2560 licit.
968 2514 1016 2564 quo
1035 2506 1132 2549 mortuo
1152 2500 1259 2552 Carolus
1276 2502 1314 2551 bl.
1332 2504 1397 2552 inita
1419 2519 1473 2554 cum

177 2587 326 2653 acceptori
337 2587 452 2638 Patricio
469 2588 528 2651 imp.
543 2586 603 2644 ΟΡ..
616 2601 666 2637 non
684 2587 722 2634 ita
739 2587 812 2649 lonpe
828 2591 889 2649 post
907 2600 923 2633 a
940 2582 1063 2647 Bulqaris
1078 2584 1138 2646 fuso
1156 2588 1297 2653 occisoque,
1313 2602 1380 2651 pace
1393 2589 1473 2639 eidem

176 2674 233 2723 illas
253 2674 353 2723 mulas
373 2672 498 2737 mnis
532 2670 644 2721 Ducibus
670 2669 820 2719 Venetianis
845 2667 961 2718 Obelerio
988 2683 1043 2716 cum
1066 2668 1196 2731 frutribus
1222 2671 1278 2721 ltcec
1304 2678 1380 2736 qesta
1406 2680 1471 2723 seint.

177 2756 270 2824 ltaque
298 2771 350 2807 mon
372 2753 474 2815 Irenoe,
505 2754 665 2806 Constantini
688 2753 842 2818 Copronpmi
868 2756 959 2809 osori,
987 2752 1219 2821 imperatorumque
1241 2754 1338 2806 Leonis
1364 2756 1474 2808 Cbuzurt

175 2841 296 2909 Musque
317 2842 474 2891 motoris
492 2839 655 2890 Constantini
673 2843 698 2888 i’.
717 2842 796 2888 matri
811 2841 921 2897 cmcdeli,
945 2853 1002 2903 quoe
1021 2845 1082 2902 post
1101 2841 1179 2902 filium
1202 2845 1377 2905 interemptum
1400 2844 1470 2907 quin-

175 2941 223 2993 que
237 2924 300 2989 sere
317 2938 399 2977 annos
414 2928 472 2976 sola
494 2927 623 2991 reqnuoii,
647 2926 729 2975 donec
747 2940 771 2974 a.
785 2926 845 2974 802.
861 2941 877 2974 a
895 2922 1042 2987 Niceploro
1066 2925 1108 2974 itio
1130 2926 1156 2975 in
1175 2924 1283 2975 Lesbum
1306 2926 1411 2975 insuimn
1428 2942 1470 2976 re·

174 3014 319 3077 tepmtsr,
341 3009 385 3061 ubi
400 3010 427 3060 a.
440 3012 464 3058 ⁹.
479 3010 546 3074 Auq.
560 3025 585 3061 a.
598 3011 660 3060 803.
674 3010 827 3074 exspiravit,
845 3010 894 3058 secl
909 3008 966 3058 luia
982 3014 1094 3057 monstro
1112 3022 1183 3074 pone
1202 3013 1298 3058 secuto
1315 3008 1471 3075 Nicophom

176 3096 283 3148 Ceoius
300 3094 340 3146 bt.
356 3094 469 3146 Venetos
486 3094 634 3145 concessit.
672 3092 719 3155 Qui
737 3094 908 3159 li'iceplorus,
932 3108 985 3142 ciem
1004 3091 1038 3140 ab
1056 3107 1122 3142 ortuo
1140 3095 1199 3143 802.
1218 3108 1297 3159 usque
1314 3096 1351 3144 aa
1366 3096 1471 3146 medium

171 3181 230 3247 sere
251 3195 346 3231 m
366 3180 440 3239 stu,
468 3181 529 3229 obse
549 3176 605 3229 fia·
626 3180 794 3236 noobsimum,
824 3179 926 3243 imperii
952 3178 1088 3237 orienta1is
1109 3183 1201 3242 parics
1223 3179 1303 3242 maqis
1326 3179 1470 3242 nepesinae

174 3282 248 3333 qm
268 3269 418 3331 rsqnauet,
446 3278 464 3313 a
485 3264 605 3315 carminis
631 3265 794 3329 compositore
822 3270 913 3328 aperte
936 3261 1103 3325 confunditur
1126 3277 1179 3311 cum
1204 3262 1351 3327 Niceploro
1375 3264 1470 3323 Plora,

176 3352 220 3417 qd
242 3350 427 3401 mmmm.
444 3347 605 3414 inpartibus
628 3348 741 3399 Orientis
762 3352 892 3413 reqnauit:
915 3362 972 3396 nam
993 3344 1058 3395 huie
1082 3345 1148 3395 Otto
1167 3345 1189 3396 1.
1206 3350 1265 3397 toto
1288 3362 1374 3412 regno
1397 3364 1469 3400 com·

178 3434 285 3486 nereis
301 3431 460 3485 interdixit:
478 3435 533 3484 eius
546 3434 625 3497 liliam
646 3433 833 3498 lbeopbaniam
852 3436 991 3496 imperator
1009 3428 1082 3481 Sauo
1097 3432 1152 3494 filio
1169 3446 1214 3481 suo
1234 3430 1322 3482 Ottoni
1331 3437 1363 3482 ii.
1376 3434 1403 3483 in
1419 3451 1470 3485 mo·

173 3520 319 3573 oham
332 3524 505 3584 meret,
527 3533 673 3569 concessam
690 3525 772 3568 autem
788 3533 842 3567 curu
862 3516 948 3567 Croeci
962 3517 1061 3581 perfide
1080 3517 1237 3581 interemptis
1256 3516 1354 3568 Ottonis
1371 3520 1408 3569 aci
1424 3532 1469 3570 ece-

173 3602 318 3669 quun
339 3618 429 3653 mmm
449 3603 532 3653 missis
553 3605 646 3668 leqatis
667 3603 834 3669 militibusque
860 3601 1101 3665 Constantinopolim
1123 3602 1299 3661 reduxissent,
1329 3605 1470 3654 exercitum

172 3688 324 3741 mus-
338 3688 367 3737 is
385 3685 502 3738 Calabris
519 3688 611 3739 (lemnii
629 3704 654 3737 a.
668 3689 726 3737 969.
787 3685 818 3719 ¹⁴⁸
837 3702 861 3735 s.
878 3683 952 3735 toul.
1011 3682 1101 3728 “Wi-
1119 3686 1188 3737 Hice
1205 3687 1345 3751 reserenda
1362 3704 1418 3739 esse
1435 3668 1470 3740 ui·

173 3773 267 3825 buln·
282 3772 321 3822 acl
335 3788 363 3823 a.
374 3774 449 3821 11⁷7.
462 3788 517 3823 esan
535 3772 783 3823 Frumentum
795 3771 950 3821 Alexandro
963 3772 1018 3821 PP.
1031 3776 1073 3821 lii.
1091 3772 1213 3831 Venetiis,
1230 3780 1364 3839 postquam
1381 3774 1469 3824 baruru

173 3858 229 3909 ἅτ
245 3854 416 3907 &inim
434 3854 530 3907 Zianus
546 3856 653 3908 naribus
669 3856 841 3922 imperialibus
859 3856 964 3906 desidis
982 3855 1097 3909 Ottoncm
1113 3859 1278 3923 imperatoris
1291 3859 1370 3921 filium
1386 3861 1469 3923 eapti-

172 3956 227 3993 ιιι
249 3954 337 3993 seen
362 3940 493 4003 Meet,
520 3957 609 4005 pacem
633 3944 724 3998 iniret,-
746 3941 789 3991 ubi
808 3941 952 4005 pontificem
973 3944 1054 4007 peiles
1078 3943 1191 3994 Castoris
1212 3945 1306 3992 ceruici
1325 3943 1468 4007 inposuisse

168 4030 264 4091 postu
280 4031 460 4085 mamni,
478 4026 548 4076 euim
565 4026 694 4091 mcperbice
711 4027 906 4091 descriptionem
922 4030 1018 4090 pictam
1040 4029 1132 4077 Veneti
1148 4028 1241 4077 debsile
1257 4026 1356 4092 publice
1371 4043 1468 4093 propo-

170 4114 292 4169 ΠΜ,
315 4108 425 4161 liment
442 4116 527 4161 autem
544 4127 611 4162 anno
629 4112 702 4162 tros.
721 4112 832 4177 losepiso
855 4115 886 4160 ii.
900 4114 1082 4176 transcriptum
1104 4114 1244 4176 exemptum
1266 4113 1469 4176 conspiciendims

170 4194 352 4253 m,
374 4198 404 4244 ist
424 4194 538 4247 dalem
559 4198 586 4247 ei
599 4197 747 4253 inurerent,·
770 4203 797 4246 at
817 4197 905 4248 Casur
921 4202 1022 4248 stultum
1039 4197 1192 4247 mendacium
1208 4198 1348 4263 siccitasque*
1365 4199 1467 4249 menda·

169 4292 215 4331 cu
229 4276 333 4330 derisit.
363 4278 404 4342 Cl.
417 4280 565 4331 numiui·
584 4280 706 4332 Teulscbe
724 4282 901 4346 lleicbsqescle.
913 4284 961 4332 ool.
977 4286 1003 4334 3.
1016 4300 1043 4346 p.
1057 4285 1115 4331 157.
1149 4282 1263 4331 Ceteriuu
1282 4283 1385 4347 ‘captivi
1397 4282 1466 4333 ono-

170 4364 211 4415 ἡ
226 4360 407 4429 (immovit
419 4364 481 4428 peti)
496 4363 605 4416 smmla’
623 4367 682 4431 ipsa
696 4367 768 4428 salsa
786 4381 842 4416 esse
859 4369 929 4417 inter
945 4370 1104 4418 recentiores
1121 4372 1230 4416 constat.
1265 4367 1332 4416 Vicle
1350 4367 1469 4418 linconeri

169 4446 370 4509 lobucionis»
380 4450 500 4514 solzp.
512 4451 572 4500 204.
596 4448 642 4511 ,¹¹⁸
654 4449 732 4500 scola
745 4453 769 4499 l.
807 4448 838 4483 ¹⁵⁴
851 4450 942 4501 Germ.
956 4449 1055 4516 rastra]
1070 4466 1146 4501 naues
1158 4452 1330 4516 imperatoris.
1376 4450 1466 4518 leone]

166 4546 191 4583 e.
204 4528 298 4582 uase
316 4530 480 4611 Venetorum,
499 4536 570 4585 alato
587 4534 621 4585 ab
638 4536 725 4585 eodem
742 4536 806 4585 duce
826 4536 906 4585 Ziano
924 4538 950 4585 in
967 4538 1027 4600 ripa
1045 4537 1181 4594 mnritbna,
1206 4538 1249 4586 cui
1264 4536 1388 4603 boumque
1405 4537 1467 4588 Pia·

167 4620 240 4667 sstte
255 4628 348 4667 men
362 4622 417 4677 est,
435 4624 531 4669 erecto.
