3270 5354
380 379 483 414 eunom
497 380 517 413 1.
536 379 689 414 EXORDIVH·
726 378 828 414 eunom
842 380 873 413 11.
893 378 1011 415 PACINVS
1025 378 1125 414 noenu.

312 534 464 595 diorissem
487 541 662 612 torvumque
685 534 802 613 Scyuim
825 533 1008 612 crudumque
1031 534 1233 612 Procrustem,

396 635 562 696 Traxissem
587 634 740 695 tabidosa
765 636 877 695 feritate
900 635 1006 712 tigrem

313 738 415 798 Omnia
439 739 610 804 movissem,
634 737 685 797 sed
709 739 786 798 enim
810 737 858 816 qui
882 744 987 797 cetera
1010 738 1113 804 vincit,

259 861 284 901 ot
393 840 502 899 Serior
524 840 553 898 in
576 838 676 907 nobis,
700 838 831 910 Lossiru,
855 857 919 899 esse
942 846 1052 917 potest:

311 940 396 1001 llunc
418 957 508 1017 rupes
529 942 604 1000 inter
627 941 766 1018 dureque
789 940 824 1000 nd
848 939 957 1001 robora
980 959 1122 1021 quercus.
1285 941 1395 1019 litiano.

394 1042 502 1102 Nutriit
524 1041 664 1103 uberibus
686 1042 783 1120 Aphro
806 1042 897 1102 leuna
915 1044 996 1110 uuis,

310 1145 397 1213 Huic,
422 1144 472 1205 ubi
494 1151 579 1205 natus
602 1151 679 1213 eret,
703 1162 762 1222 quo
783 1143 824 1205 nil
847 1143 995 1205 crudelius
1018 1152 1109 1213 esset,

258 1268 283 1308 re
389 1246 560 1324 Dispositrix
583 1246 647 1306 vire
669 1265 756 1307 saxea
779 1246 869 1306 corde
892 1246 980 1307 dedit.

311 1347 379 1408 Hier
401 1366 526 1427 queror,
551 1368 568 1405 o
591 1350 706 1424 superi,
730 1348 873 1427 donisque
897 1348 933 1408 ad
956 1347 1064 1427 templa
1087 1347 1187 1409 relatis

393 1449 484 1510 Ferre
507 1451 569 1528 pies
592 1451 666 1508 iuste
689 1469 739 1509 ros
760 1467 866 1526 precor
889 1468 960 1511 nure
982 1467 1102 1528 preces:

312 1550 389 1610 liure
413 1551 487 1610 ierat
509 1553 557 1628 qui
581 1550 654 1610 dura
678 1550 770 1619 dedit,
795 1553 904 1629 quique
927 1551 1057 1629 undique
1078 1553 1159 1612 sterit

261 1672 285 1711 u
393 1650 503 1712 Cuncta
527 1650 634 1712 habeat
655 1671 720 1730 quae
741 1654 799 1711 sint
820 1670 894 1712 sera
917 1653 1032 1713 inimice
1055 1652 1124 1714 sibi!

309 1752 361 1814 ilie
384 1771 464 1814 meae
487 1753 599 1822 febres,
622 1753 670 1814 iiie
694 1753 811 1814 horrida
836 1751 955 1814 ruiuera
978 1761 1088 1823 sumet,

393 1854 446 1916 ille
469 1856 543 1916 ierat
565 1874 667 1922 casus,
691 1855 794 1915 ordine
816 1873 979 1935 quemque,
1002 1856 1097 1917 meos!

308 1955 461 2036 imprecor
483 1958 536 2018 ista
559 1957 693 2036 quidem,
716 1957 767 2017 sed
788 1957 885 2018 adhue
907 1959 1040 2035 graviora
1062 1966 1207 2025 meretur,

258 2077 283 2117 xo
391 2056 494 2118 Omnia
518 2067 586 2121 snut
610 2066 712 2118 restrui
735 2057 833 2118 debita
856 2060 978 2120 iustitie.

288 2155 303 2189 0

567 2309 570 2316 ,
631 2263 877 2336 [nteriori]

597 2378 733 2430 rnclnv
736 2380 753 2429 S
771 2379 898 2433 LOSSII.

242 2562 249 2577 ,
306 2499 437 2576 Tempus
459 2507 523 2560 erat
545 2518 603 2578 quo
626 2507 692 2578 post
714 2500 817 2561 ductos
840 2520 876 2560 ex
898 2500 1001 2560 ordine
1025 2518 1141 2561 menses

392 2600 520 2678 Octupes
542 2602 678 2664 occiduas
701 2601 813 2662 Cancer
836 2601 928 2663 inibat
949 2620 1054 2680 eques,

308 2702 441 2782 Undique
463 2704 505 2763 ris
528 2703 631 2766 hiemis
654 2705 774 2784 rapidos
796 2705 1012 2766 constrinxerat
1034 2722 1149 2774 amnes,

269 2827 281 2865 t
389 2804 523 2884 Undique
546 2814 703 2892 concretus
726 2808 835 2883 frigore
858 2813 965 2884 pontus
987 2814 1065 2874 erat,

306 2907 420 2967 Etiam
445 2906 608 2983 digressum
632 2909 794 2968 Pomeraua
818 2927 852 2969 ex
876 2907 951 2969 urbe
973 2907 1128 2985 parabam.
1191 2950 1195 2958 ·

391 3009 504 3070 Durum
528 3027 602 3087 opus
625 3017 653 3070 et
675 3011 797 3070 nimium
822 3009 932 3069 viribus
955 3027 1024 3069 acre
1048 3012 1137 3070 meis:
1170 3000 1173 3005 ¹
1213 3037 1215 3041 ¹

305 3112 427 3172 Vertere
448 3111 505 3170 iter
528 3112 635 3187 potuit,
659 3112 682 3169 si
706 3110 807 3179 vellet,
831 3110 949 3170 Loesius
972 3109 1055 3170 iliud:
1295 3111 1395 3148 cnarr-

1295 3156 1392 3199 repetente.

268 3239 280 3272 e
389 3212 463 3272 Huic
486 3230 539 3288 ego
562 3217 632 3271 tunc
654 3219 772 3290 sumpto
795 3210 910 3270 debitor
932 3231 989 3271 mre
1013 3212 1070 3277 ini:

306 3315 362 3375 Sed
379 3314 464 3394 petii.
483 3320 514 3372 ut
529 3313 655 3384 sineret,
672 3330 768 3390 neque
784 3315 862 3373 enim
878 3315 937 3373 ianr
953 3314 1079 3375 reddere
1094 3334 1226 3393 possem,

390 3417 550 3477 Fortunam
574 3416 693 3477 atterius
716 3435 766 3476 xxre
784 3415 908 3476 subiisse
930 3414 1003 3483 ioci,

305 3521 371 3580 Sive
394 3518 462 3597 quid
486 3519 604 3598 ingenio
627 3519 795 3596 (quesitum,
819 3518 879 3579 sire
901 3537 955 3597 per
978 3519 1080 3589 arteiS,

234 3643 279 3683 cu
391 3622 455 3693 Quo
479 3640 596 3700 possem
619 3619 701 3681 lucro
725 3621 849 3681 reddere
872 3627 988 3700 sumpto
1012 3622 1082 3681 viro.

306 3724 413 3783 Annuit
436 3731 465 3784 et
487 3723 558 3783 dixit
581 3722 674 3792 ‘Quod
698 3723 775 3791 ebir,
800 3724 837 3783 itn
861 3722 936 3783 torte
960 3741 1082 3786 neccsse
1106 3731 1164 3787 est.

391 3825 479 3904 ‘Ergo
503 3824 556 3885 tibi
580 3825 711 3894 daldun,
735 3822 794 3885 nou
818 3824 962 3903 potuisse,
987 3824 1073 3893 setis’,

171 3961 190 3992 ⁸¹
212 3973 342 4025 initiumq)
362 3964 385 4010 i.
446 3961 532 4010 Sinim
552 3965 576 4010 2.
586 3965 611 4011 3.
665 3960 798 4024 pintuittttt
819 3965 840 4011 1.
861 3961 931 4011 Ouid.
945 3961 1003 4010 hor.
1017 3961 1053 4010 11.
1067 3960 1108 4009 ott.
1123 3976 1163 4025 eq.
1183 3996 1232 4019 „...
1247 3966 1394 4025 torvusque

104 4048 273 4107 Procrustes,
292 4048 329 4095 Et
340 4045 423 4105 sinte,
444 4049 472 4095 et
484 4048 556 4095 tnuri
569 4047 703 4111 mistaque
717 4046 804 4096 iormu
822 4045 898 4096 viri”.
919 4045 961 4095 of.
975 4044 1077 4110 dialog.
1091 4044 1254 4095 Phaloriam.
1308 4043 1329 4076 Μ
1347 4049 1396 4104 St·

104 4132 157 4184 uiri
177 4137 200 4181 t.
253 4129 275 4161 ⁶⁵
291 4139 377 4195 eurem
398 4134 420 4179 1.
472 4129 580 4195 “tatto
599 4134 658 4181 2.3.
711 4128 730 4162 ⁷¹
751 4129 811 4194 [cuit
833 4133 855 4179 t.

171 4214 178 4248 ¹
198 4213 327 4281 Tempus]
352 4220 467 4265 exeunte
491 4215 628 4265 decembri
648 4230 673 4264 a.
696 4214 769 4265 1509.
806 4216 877 4265 Ouid.
891 4215 966 4264 Fuet.
981 4214 1002 4263 1.
1016 4212 1074 4264 311.
1089 4229 1146 4279 sqq.
1166 4216 1259 4280 „Ergo
1277 4215 1324 4265 ubi
1342 4232 1394 4266 nox

103 4301 192 4352 ederit
210 4302 333 4350 venturis
351 4301 435 4350 tertie
447 4300 533 4349 Nouis
546 4300 701 4365 Sparsaque
722 4300 827 4350 caeleeti
847 4316 906 4349 rorc
919 4298 1042 4348 madebit
1055 4298 1161 4361 numne,
1180 4300 1325 4365 Octipedis
1339 4302 1393 4352 iru-

103 4394 160 4436 utru
184 4390 342 4450 quteruutur
365 4385 481 4434 brachiu
500 4384 614 4434 Cancri:
638 4386 766 4449 Praeceps
790 4384 920 4434 occiduae
944 4383 991 4432 ilie
1010 4382 1114 4432 subivit
1136 4388 1249 4448 aquee''.
1315 4385 1394 4436 5Ιό-

103 4470 325 4536 mor.l(iryphie.
372 4469 393 4500 ³⁸
412 4474 500 4518 sumto
514 4473 572 4518 2.3.
621 4484 657 4521 ert
675 4473 698 4519 1.
745 4468 765 4500 ¹²
784 4467 898 4518 reddero
917 4468 1062 4533 pecuniam
1081 4472 1173 4519 mutuo
1185 4475 1320 4536 sumptam
1333 4487 1395 4523 curn

102 4557 201 4607 neuris.
255 4553 275 4587 ¹⁴
291 4554 405 4608 nohum:
432 4567 483 4607 nnn
502 4550 617 4617 rettudi:
637 4554 706 4616 [ntie'
722 4557 744 4603 1.
764 4555 783 4603 i.
797 4570 820 4606 e,
835 4555 903 4619 quod
919 4552 1028 4603 debitum
1044 4555 1175 4618 pecuniam
1192 4559 1326 4607 enroloere
1344 4573 1392 4607 non

99 4648 189 4706 poter,
216 4657 266 4706 pro
283 4642 348 4691 cutio
365 4642 467 4690 editione
484 4640 531 4689 tibi
546 4640 709 4703 perenittitur.
739 4654 847 4689 veroum
865 4639 925 4689 sine
943 4638 1165 4705 interpunctione
1185 4640 1315 4692 exhibent
1333 4643 1393 4690 2.3·

103 4726 146 4778 Cf.
160 4726 230 4791 eleg.
244 4726 276 4776 V.
290 4725 331 4775 tu.
344 4741 403 4790 eqq.
