3270 5354
170 327 245 398 246
372 356 492 391 arturum
508 357 544 389 AD
557 354 690 390 crassus!
703 352 915 391 murmurantis
926 354 1148 391 arturianum!
1162 355 1256 391 musa.

373 511 474 572 Vidisti
496 509 616 571 hostiles
638 509 768 571 medium
789 508 912 570 turbere
935 509 1088 579 cobortes;

336 635 361 674 ao
460 614 554 691 Atque
576 631 610 673 ee
633 612 691 672 vise
714 613 828 690 greveis
850 613 1006 674 restituere
1028 613 1150 673 annuos.

374 716 454 788 Quos
476 715 532 774 nisi
554 714 596 774 sic
618 714 721 787 scelat,
744 714 799 775 nisi
822 712 1003 792 consilioque
1025 732 1173 794 metroque

458 815 501 876 Te
524 817 617 886 iuret,
640 816 688 876 bic
710 818 806 895 potuit
828 815 947 877 ultimus
969 834 1034 876 esse
1057 815 1128 877 dies.
1239 888 1244 897 ,

375 917 533 996 Ingredere
556 937 573 977 o
596 918 739 998 lectisque
761 919 820 980 tuis
841 918 962 996 dignum
984 920 1085 998 accipe
1106 936 1215 980 munus

337 1042 361 1082 0
460 1020 561 1100 Teque
584 1020 752 1099 triumphali
774 1019 834 1090 ier,
856 1020 1021 1089 loecbirue,
1044 1020 1123 1080 rote!

375 1124 438 1184 lloc
461 1121 514 1186 tibi
536 1124 642 1184 servati
664 1123 828 1185 decernunt
849 1141 917 1182 cum
939 1121 1015 1183 duce
1036 1123 1128 1190 cives:

460 1225 589 1295 laudet,
611 1231 689 1285 emet
709 1224 825 1305 prolem
848 1226 972 1287 Saxonis
994 1243 1045 1285 ore
1068 1243 1160 1286 suam.

289 1442 358 1504 100·
595 1446 645 1496 DE
662 1445 808 1496 VIRIBVS
826 1444 1036 1497 GALLORVM.

374 1566 447 1627 Cum
470 1566 593 1628 ductore
614 1571 716 1646 egeret
736 1563 847 1625 bellum
869 1564 923 1626 sub
947 1564 1062 1626 Cerere
1082 1552 1198 1635 Gallus,
1252 1606 1255 1613 -

456 1668 553 1728 Fortis
575 1674 605 1728 et
624 1666 760 1729 horribili
781 1667 874 1728 blerte
896 1666 1043 1727 tlmendus
1065 1672 1145 1736 erat;

373 1770 410 1831 st
431 1777 586 1850 postquam
609 1788 645 1829 ex
667 1786 754 1829 cause
777 1768 911 1829 discessit
932 1775 1056 1848 uterque
1078 1787 1227 1839 seorsum,

348 1893 360 1932 s
459 1871 606 1949 Neuirsge
629 1870 745 1931 soblem
768 1872 878 1951 cortice
900 1870 995 1931 lentur
1016 1871 1089 1941 evis,

373 1974 435 2034 Nec
457 1971 531 2033 volet
554 1972 667 2052 absque
688 1970 757 2042 elis,
780 1990 836 2034 nec
857 1973 910 2033 luit
930 1973 994 2033 sine
1015 1975 1124 2034 cortice
1145 1972 1272 2042 dumea,

457 2073 519 2136 Nec
540 2075 598 2135 vim
618 2076 752 2137 seiuncto
776 2074 891 2136 Caesare
912 2073 1013 2138 Gallus
1034 2072 1132 2136 babet.
1191 2091 1193 2096 ·

297 2273 359 2335 101.
535 2279 584 2328 ΑΙ)
602 2277 880 2329 MAXIMILIANVM
896 2277 1091 2347 snonrlau.

372 2397 431 2468 Ne,
454 2399 580 2466 iuvenis,
604 2398 723 2459 demitte
745 2399 890 2467 animum,
913 2415 951 2458 ne
973 2396 1045 2458 cede
1066 2396 1193 2477 periclo,

457 2499 499 2560 Nc
521 2501 635 2561 sinete
657 2500 752 2578 primo
773 2498 891 2561 turbine
913 2498 1043 2559 destitui!

170 2653 376 2662 -————

239 2752 295 2807 100.
326 2752 420 2806 ¹Cum
437 2755 496 2820 liga
515 2753 728 2804 Cernareccnsis
746 2759 894 2805 teneretur.
925 2753 973 2804 sed
995 2758 1026 2803 01
1048 2753 1081 2804 de
1107 2755 1232 2806 omnibus
1255 2755 1291 2806 ad
1311 2757 1385 2807 Max.
1405 2758 1454 2823 epi·

168 2839 329 2902 grammatis
347 2839 388 2889 ita
406 2839 439 2891 de
457 2841 510 2891 boc
529 2855 635 2905 qnoque
653 2853 746 2890 verum
767 2843 822 2902 est,
842 2838 978 2889 Cererem
996 2839 1084 2905 magis
1103 2854 1182 2904 qnam
1202 2840 1248 2904 qui
1267 2840 1331 2902 fnit,
1352 2841 1454 2906 qualem

168 2922 306 2974 Hnttenus
325 2940 386 2974 eum
404 2925 490 2975 fuisse
508 2925 596 2977 voluit
614 2924 742 2977 describi.
794 2921 806 2957 ⁴
824 2921 894 2989 evis]
914 2923 1014 2989 gallus.

238 3006 294 3059 101.
322 3009 429 3076 Epiprr.
444 3012 653 3062 1011020010.
668 3012 695 3060 3.
746 3009 789 3059 Ad
806 3010 926 3075 priorem
945 3025 970 3059 e.
986 3008 1101 3071 letata
1120 3010 1199 3060 cuius
1216 3008 1270 3060 fine
1289 3009 1397 3060 Ssortia
1415 3028 1455 3061 re·

168 3093 279 3143 stitutus
292 3098 343 3157 est,
362 3094 422 3146 baec
441 3095 588 3147 referende
601 3098 672 3145 sant.
702 3093 742 3144 Io.
754 3094 812 3144 Iac.
823 3093 988 3153 Trivnlcius,
1006 3094 1230 3156 Mediolanensis,
1251 3095 1329 3145 circa
1347 3096 1456 3147 01147.

168 3184 262 3239 uetus,
282 3194 343 3229 cum
362 3180 420 3231 lere
441 3178 472 3230 18
490 3196 576 3231 annos
594 3169 724 3241 baberet,
745 3195 762 3229 a
779 3179 931 3229 Francisco
950 3178 1055 3229 Slortie
1073 3195 1134 3231 cnm
1153 3179 1288 3240 Galeacio
1306 3181 1407 3244 Maria,
1426 3181 1456 3231 il-

167 3263 221 3313 lius
239 3263 304 3323 lilio,
324 3265 353 3314 10
371 3264 500 3315 militiam
515 3264 653 3316 Gallicam
664 3263 808 3314 Ludovico
820 3263 868 3314 x1.
882 3263 999 3313 traditus
1018 3268 1069 3314 est.
1099 3265 1157 3315 Iem
1177 3281 1201 3315 a.
1217 3262 1457 3331 118000000-

168 3347 256 3398 sectos
281 3350 419 3401 exercitus
442 3351 693 3401 confoederatorum
716 3352 814 3399 contre
831 3349 953 3399 Venetos
976 3349 1053 3398 ducti
1072 3350 1177 3411 lueret3
1201 3349 1265 3400 inde
1283 3350 1313 3400 in
1332 3352 1457 3402 omnibus

168 3433 226 3483 lere
245 3432 326 3484 bellis
344 3450 394 3500 per
410 3451 504 3486 omnes
520 3435 611 3485 Italiae
630 3440 725 3501 pertas
743 3434 877 3495 interluit,
895 3433 947 3485 sub
958 3433 1145 3499 Neapolitano
1163 3450 1229 3499 rege
1240 3433 1338 3498 primo,
1360 3436 1456 3486 deindo

166 3517 215 3568 sub
236 3517 325 3568 Gallis
344 3518 443 3569 Garolo
462 3519 537 3570 VIII.
553 3525 581 3570 at
597 3520 740 3570 Ludovico
752 3520 815 3570 Xll.
828 3519 889 3585 ipse
908 3518 1013 3583 expulit
1024 3518 1209 3569 Maximillam
1220 3518 1333 3570 stertire
1353 3527 1456 3586 petrem

166 3602 336 3654 Ludovicum
354 3604 479 3654 Maurum
497 3620 523 3654 a.
539 3602 612 3655 1499.
626 3604 725 3671 (epigr.
738 3602 794 3669 89.)
813 3607 841 3653 01
858 3603 1044 3655 marescalcus
1063 3602 1164 3654 Gallice
1181 3602 1391 3671 Mediolaniqne
1410 3623 1456 3672 gu·

166 3688 297 3738 50000101
318 3688 411 3738 lectus
433 3689 476 3738 ite
499 3689 643 3752 tyrannice
667 3690 781 3756 imperio
803 3703 869 3739 usus
893 3693 947 3750 est,
972 3694 1003 3739 01
1020 3688 1124 3740 8101110
1148 3705 1166 3739 a
1188 3689 1246 3738 suls
1264 3690 1457 3741 restitueretur

165 3773 292 3838 sequenti
310 3787 396 3837 anno,
416 3789 495 3840 quem
514 3778 606 3824 temen
623 3790 677 3824 non
695 3773 779 3825 multo
798 3778 861 3839 post
879 3774 914 3823 ab
933 3773 1074 3825 Helvetiis
1092 3773 1275 3823 auxiliaribus
1293 3776 1352 3825 suis
1371 3775 1455 3826 dcsti·

167 3862 254 3908 tutum
271 3858 400 3920 Novariae
418 3863 530 3924 ceptum
547 3859 576 3908 in
596 3858 704 3910 Gallina
722 3842 845 3908 abduxit.
881 3858 948 3908 Post
967 3856 1060 3909 Caroli
1077 3857 1201 3908 Ambosii
1224 3864 1340 3910 mortem
1364 3860 1400 3924 (d.
1417 3861 1455 3911 10.

164 3943 246 3994 Mert.
261 3959 286 3992 a.
302 3942 386 4007 1511.)
409 3944 573 4008 Turullius,
599 3946 645 4010 qui
669 3950 753 3994 eatae
776 3958 882 4009 quoqne
907 3943 980 3993 inter
1002 3942 1152 4009 prefectos
1176 3945 1315 3994 exercitus
1340 3945 1455 4011 ligistici

165 4033 261 4078 contre
283 4027 405 4079 Venetos
430 4035 458 4079 et
480 4029 509 4079 in
533 4045 627 4095 pugna
651 4029 830 4079 Cremonensi
853 4026 992 4092 (mlllaio
1011 4044 1036 4078 a.
1053 4027 1146 4091 1509.)
1169 4028 1223 4078 dux
1246 4030 1327 4095 prinei
1352 4030 1455 4082 Gallici

165 4113 283 4177 agminis
302 4112 407 4177 lueret,
425 4129 545 4164 summus
564 4113 666 4165 Gellici
685 4115 825 4165 exercitus
842 4113 895 4163 dux
914 4114 1021 4177 lactus,
1040 4127 1100 4177 quae
1119 4112 1241 4179 dignitas
1260 4118 1323 4179 post
1342 4122 1454 4166 mortem

164 4199 270 4248 strenui
287 4199 396 4249 invenis
414 4199 484 4264 regii
498 4198 628 4250 Gestonis
640 4199 768 4260 Fcisseii,
787 4198 833 4263 qni
851 4204 913 4264 post
924 4198 1134 4249 Ravennensem
1151 4213 1273 4265 pugnam
1291 4198 1318 4250 d.
1336 4198 1374 4250 ll.
1388 4201 1452 4266 Aps.

164 4299 189 4332 0.
206 4282 279 4333 1512.
295 4284 409 4348 cecidit,
429 4284 529 4334 iterum
547 4286 574 4333 ei
592 4283 658 4333 data
677 4287 728 4333 est.
757 4285 798 4333 Eo
818 4287 939 4348 tempore
957 4281 1109 4333 Mediolani
1127 4285 1311 4349 recuperandi
1329 4284 1453 4336 81001110-

163 4383 216 4432 que
235 4368 364 4433 capiendi
388 4373 428 4430 et,
453 4373 484 4418 ut
502 4368 566 4419 olim
585 4373 691 4433 patrem
715 4368 851 4430 eiecerat,
876 4367 964 4418 exulis
989 4366 1113 4419 faciendi
1137 4384 1213 4435 spem
1236 4370 1351 4419 nlmiam
1371 4388 1451 4437 cepo-

163 4457 214 4514 ret,
234 4468 287 4518 qua
305 4455 403 4504 misere
422 4453 527 4504 decidit
544 4454 600 4503 iem
619 4459 684 4503 onte
696 4454 894 4504 Novarienscrn
912 4468 1032 4520 pugnem
1050 4451 1350 4517 ((1.8.Ιο0.0.1513.).
1380 4458 1451 4507 blor-

163 4541 225 4588 tuus
244 4544 286 4588 est
303 4538 328 4589 d.
342 4538 367 4589 5.
381 4539 449 4588 Dec.
463 4555 487 4588 e.
503 4537 576 4588 1518.
589 4538 640 4588 hoc
658 4539 712 4589 sibi
731 4537 873 4605 epitaphio
886 4538 962 4589 lecto
975 4540 1026 4589 Ht'c
1038 4541 1144 4605 quiescit
1156 4540 1199 4606 qui
1209 4556 1335 4606 nunquam
1348 4544 1449 4607 quieuit.

110 4653 112 4656 -
162 4622 255 4672 Vitam
267 4623 320 4673 viri
331 4624 444 4689 scripsit
455 4624 611 4674 Rosminins
623 4623 722 4674 Ictoria
775 4626 804 4674 dt
815 4624 962 4674 osan-unc.
980 4623 1111 4684 I'rioalzio,
1129 4641 1292 4690 sopranaom.
1305 4628 1325 4677 u
1339 4629 1447 4690 prande.

161 4705 461 4759 bled101.1815.11.4⁰.
532 4706 539 4740 ¹
559 4709 636 4760 eene
655 4713 679 4759 r.
748 4708 836 4760 tsine
855 4707 969 4776 cortice]
989 4709 1031 4761 cr.
1044 4711 1110 4762 nor.
1122 4694 1211 4762 ⁸·th
1224 4711 1249 4761 a.
1262 4725 1288 4762 v.
1303 4709 1362 4762 120.
