3270 5354
246 1017 446 1082 l'RAEFAl’lO
469 1018 642 1080 ElllTOIllS
664 1018 713 1079 AD
736 1017 862 1079 OMNES
885 1016 1085 1088 evlTrvou
1108 1016 1260 1078 PARTES.

511 1205 571 1259 iilic
589 1206 679 1261 ieiumi
697 1207 755 1262 oter
772 1206 861 1260 immor
878 1217 937 1270 ont,
956 1217 1030 1261 uena
1047 1219 1109 1259 mou
1127 1217 1177 1260 eon
1190 1201 1333 1270 berthen,
1351 1201 1399 1258 teir

512 1305 563 1345 oen
576 1292 761 1363 bontluuqru,
786 1291 849 1356 uidit
868 1290 915 1345 mit
934 1291 1015 1344 cintia
1033 1289 1147 1360 genilius
1164 1288 1330 1353 auctenticam
1346 1288 1398 1342 ito:

513 1377 667 1441 tharisiense
687 1377 781 1441 luridi,
801 1376 825 1441 to
844 1375 920 1430 bicitt
933 1375 958 1439 [o
971 1375 1053 1442 menig
1067 1377 1155 1439 boton,
1176 1374 1223 1439 tois
1238 1378 1264 1428 rt
1278 1371 1399 1428 terdicta

514 1476 559 1530 pot
576 1461 640 1526 uidet
658 1462 734 1527 north
754 1462 790 1525 ia.
827 1461 894 1524 tub,
913 1460 1021 1527 <{parta
1041 1459 1208 1524 binimaina
1227 1475 1260 1513 on
1274 1460 1319 1513 tm
1331 1457 1399 1512 min:
1427 1495 1428 1498 ,

515 1561 560 1614 pm
579 1546 606 1608 iti
626 1548 673 1599 toa
691 1545 784 1615 cirqiqe
802 1546 898 1610 birris,
916 1546 967 1600 tint
986 1551 1041 1600 nat
1059 1545 1148 1599 mictu
1166 1542 1282 1599 aruum
1300 1534 1399 1608 dator:

514 1630 611 1699 triopa
631 1632 691 1684 ottae
710 1633 798 1685 oritur
816 1630 845 1692 iii
864 1629 921 1684 citri
939 1632 990 1683 unt
1009 1629 1120 1686 erreitdt
1139 1644 1197 1684 tuit.

1049 1714 1145 1780 berthe
1163 1729 1197 1768 ou
1215 1712 1332 1776 &didm

178 1853 256 1915 Quod
274 1852 391 1902 Hutteni
410 1853 546 1913 carmina,
567 1853 660 1902 rudem
678 1853 768 1903 adhuc
786 1846 1006 1918 indigestumque
1025 1853 1131 1914 molem,
1151 1854 1180 1902 in
1198 1857 1327 1916 quattuor
1338 1866 1399 1915 par·

111 1944 153 1987 tes
171 1938 324 2002 dispescui,
348 1937 453 2002 optima
475 1937 583 1987 ratione
608 1938 713 1987 sactum
732 1954 792 1988 esse
811 1939 999 2009 iudicabunt,
1014 1954 1107 2004 spero,
1132 1939 1177 2002 qui
1197 1936 1318 1986 auctoris
1336 1937 1400 1985 vitae

109 2023 274 2088 scriptisque
297 2021 390 2088 paullo
413 2021 574 2087 diligentius
604 2023 772 2083 studuerint,
803 2039 906 2073 omnes.
943 2029 1040 2088 sponte
1063 2021 1190 2087 protecto
1219 2038 1253 2072 ea
1281 2016 1401 2086 digestio

110 2113 273 2172 argumenta
290 2113 445 2171 poematum
464 2112 650 2172 temporaque,
671 2108 768 2172 quibus
786 2109 930 2173 conposita
947 2112 1020 2170 sunt,
1040 2106 1239 2176 contemplanti
1257 2121 1319 2156 sose
1331 2121 1401 2171 pras·

110 2193 171 2253 bet,
192 2193 220 2241 in
239 2196 345 2242 tantum
363 2198 393 2242 ut
411 2193 494 2242 mirer
511 2193 540 2241 in
559 2192 629 2242 hunc
648 2192 722 2243 diem
740 2193 889 2252 neminem,
910 2208 989 2257 quem
1007 2192 1107 2255 eciam,
1128 2191 1176 2253 fili,
1197 2207 1249 2256 quo
1267 2180 1402 2257 suspensa

109 2283 173 2328 sunt
190 2277 315 2343 singula,
339 2278 533 2336 rectitudinem
557 2282 585 2327 et
608 2293 641 2326 ex
664 2279 751 2343 ipsius
774 2279 918 2343 scriptoris
941 2277 1034 2327 indole
1053 2277 1218 2342 ingenioque
1238 2277 1317 2342 quasi
1335 2291 1400 2325 ena·

110 2368 233 2412 scentem
251 2363 448 2412 necessitatem
466 2362 641 2427 predicasse,
661 2364 715 2412 nisi
734 2363 817 2413 multe
836 2378 886 2412 usu
905 2363 1063 2412 didicissem
1084 2378 1163 2427 quam
1182 2362 1264 2427 louge
1277 2361 1400 2426 plerique

110 2447 169 2498 iera
188 2462 282 2498 omnes
299 2447 435 2512 hodieque
459 2447 493 2496 ab
513 2443 647 2498 adcurata
665 2463 784 2513 veraque
804 2450 940 2498 universae
958 2448 1139 2498 liuttenianae
1157 2448 1222 2496 vitae
1242 2446 1401 2511 ingeniique

110 2547 266 2596 morumque
284 2532 412 2595 ingenuae
432 2537 459 2582 et
478 2533 556 2597 quasi
575 2533 740 2598 conpactilis
758 2535 886 2594 unitatis,
913 2534 1099 2594 rectitudinis,
1123 2532 1241 2592 duritiae,
1261 2546 1321 2596 qum
1340 2545 1401 2580 cnm

110 2608 269 2682 incorrupta
287 2617 459 2666 humanitate
472 2622 507 2679 ,ot
524 2618 660 2682 protunda
678 2618 816 2683 probitate
836 2625 863 2669 et
883 2619 996 2673 adsiduo
1016 2620 1121 2669 fervore
1135 2619 1216 2667 unice
1229 2616 1400 2677 coaluerant,

111 2684 270 2767 dognitione
289 2702 423 2759 absimus,
444 2703 593 2767 multosque
613 2719 674 2753 esse
694 2704 739 2768 qni
758 2704 908 2752 Huttenum
928 2704 990 2753 idco
1003 2708 1122 2762 tantum,
1143 2701 1214 2767 quod
1227 2715 1322 2752 versus
1335 2700 1401 2749 mul-

110 2791 154 2836 tos
173 2786 245 2836 fudit
262 2786 438 2851 laureamque
458 2804 475 2837 a
493 2787 604 2838 Caesare
624 2804 752 2838 coronam
772 2790 891 2854 accepit,
912 2789 945 2837 ad
966 2793 1110 2853 arrgnstum
1130 2793 1217 2852 poetrn
1236 2802 1334 2836 nomen
1354 2785 1401 2835 ad-

111 2873 231 2921 mittant.
267 2872 327 2921 Non
344 2888 444 2922 nevum
464 2879 505 2922 est
524 2874 674 2923 lluttenum
693 2873 928 2923 adulescentulum
949 2874 1048 2937 elegiis
1072 2872 1221 2922 condendis
1244 2873 1401 2922 tirocinium

111 2957 249 3006 Musarum
273 2958 409 3022 posuisse,
435 2974 486 3006 nec
510 2958 604 3007 doctos
628 2958 698 3008 latet
721 2959 747 3006 irl
771 2975 786 3007 e
810 2960 917 3007 ratione
941 2959 1050 3007 litteras
1074 2943 1200 3030 discendi
1218 2957 1401 3021 docendique,

111 3055 166 3105 qua
184 3047 212 3090 et
230 3045 298 3106 ipse,
318 3042 429 3106 ttuagii,
448 3043 579 3104 Trebelli,
600 3043 747 3106 vigilantii
766 3043 1057 3107 diseipulus‚.1‹10uani
1069 3042 1185 3098 sodalis,
1204 3056 1270 3090 usus
1283 3048 1339 3099 cst,
1360 3040 1400 3088 fu·

111 3126 164 3175 cile
184 3126 325 3190 explicatu
343 3143 417 3176 csse:
442 3142 536 3177 verum
555 3128 708 3192 ingenitum
725 3127 843 3176 hominis
862 3128 1072 3191 primariamque
1093 3127 1141 3176 imi
1160 3125 1245 3175 animi
1264 3124 1402 3175 condicio·

24 3232 27 3241 ¹
112 3226 173 3259 nem
193 3216 221 3260 et
239 3211 420 3260 intentionem
439 3211 593 3275 elegiacam
614 3212 699 3261 fuisse
718 3212 820 3260 sentire
839 3212 931 3275 petius
950 3227 1031 3275 quam
1044 3211 1135 3260 doceri
1148 3209 1288 3260 debemus.
1323 3210 1403 3258 llius·

111 3295 171 3344 dom
191 3301 282 3345 antam
301 3297 422 3358 iuvenis,
443 3297 470 3345 in
489 3312 541 3360 quo
561 3298 601 3355 (ut
618 3296 652 3345 de
666 3296 810 3345 Alcibiade
824 3297 914 3361 Nepos
932 3296 997 3344 elim
1015 3295 1097 3355 dixit)
1115 3300 1216 3344 natura
1234 3293 1299 3358 quid
1312 3298 1405 3358 posset

35 3395 42 3410 ·
112 3387 225 3445 experta
244 3386 299 3442 est,
320 3381 469 3446 ingenium,
489 3382 549 3430 dum
570 3398 603 3430 cx
620 3381 758 3431 doloribus
778 3398 810 3430 ac
830 3381 939 3446 gaudiis
958 3380 1051 3443 elegos
1069 3381 1192 3446 pectoris
1210 3379 1307 3429 fidibus
1325 3378 1403 3428 citin-

112 3467 165 3530 git,
190 3482 279 3515 rerum
302 3465 481 3515 hunmnarum
505 3467 750 3531 conperiendarum
775 3468 865 3532 gratia
889 3468 1047 3530 patriasque
1068 3473 1249 3531 extremasque
1275 3466 1403 3514 nationes

112 3551 268 3615 pervisendi
286 3551 430 3616 inpetuoso
449 3552 547 3611 studio,
568 3553 638 3617 quod
653 3554 740 3618 ipsum
753 3558 809 3602 tum
822 3532 892 3602 varii
912 3568 993 3601 casus
1011 3558 1067 3601 tum
1085 3552 1224 3616 praecipue
1243 3551 1403 3601 monasticae

112 3635 177 3684 vitre
196 3635 298 3701 effugio
318 3637 448 3686 excitatae
466 3640 554 3702 patris
574 3639 621 3687 irre
641 3638 741 3687 debitae
761 3637 944 3687 necessitates
965 3643 992 3687 ct
1010 3637 1134 3688 morbida
1153 3638 1195 3687 vis
1214 3636 1404 3701 corpusculum

112 3722 249 3771 infestans
270 3728 416 3783 auxerant,
436 3723 616 3772 vehementer
634 3723 857 3773 corrmovebatur.
893 3722 933 3772 ita
952 3723 1055 3772 scholis
1074 3722 1268 3786 cathedrisque
1288 3720 1402 3782 relictis,

112 3821 208 3855 versus
226 3812 333 3867 tamen,
358 3808 521 3872 ubicumque
541 3814 568 3857 ct
587 3808 768 3873 quidcumque
788 3808 904 3872 agebat,
929 3809 1067 3857 Musarum
1087 3807 1189 3869 cultor,
1215 3807 1243 3854 in
1263 3819 1339 3854 arura
1359 3819 1404 3853 ca-

112 3897 224 3956 straque
244 3892 329 3941 inruit
348 3891 553 3957 Germanosque
572 3909 635 3943 siros
655 3900 683 3943 et
700 3910 777 3943 auum
796 3893 933 3943 Caesarem
959 3895 985 3941 in
1010 3893 1107 3958 prelia
1131 3897 1226 3942 contra
1249 3904 1402 3954 quemcum-

113 3991 164 4040 que
183 3976 290 4025 hostem
309 3992 380 4026 nunc
400 3961 487 4042 prece
503 3979 647 4028 blandiens
665 3994 736 4027 nunc
756 3978 1005 4029 conminationibus
1024 3986 1130 4028 terrens
1154 3984 1210 4025 tam
1234 3973 1404 4024 orationibus

113 4076 193 4125 quam
212 4062 332 4113 heroicis
352 4064 519 4117 carminibus
539 4064 820 4129 epigrammatumque
841 4064 946 4114 acirleis
966 4060 1134 4125 accendit*),
1155 4062 1213 4125 ipsc
1234 4058 1343 4107 interim
1362 4073 1404 4106 re-

114 4182 210 4189 ——-...-
220 4184 314 4191 ...-,..-.

349 4229 375 4297 f)
446 4233 513 4295 ibat
531 4236 583 4287 aut
603 4234 670 4304 berg
690 4234 824 4301 burdqirtrt
843 4249 879 4296 er,
900 4233 939 4296 icil
959 4231 1134 4288 tardioribus

409 4319 450 4371 itu
470 4318 507 4371 bic
525 4318 648 4383 proiicit,
668 4320 769 4376 littuurt
789 4318 833 4382 tiri
853 4318 887 4371 itu
905 4319 1000 4382 bergen

450 4401 505 4456 tus
524 4405 576 4457 uut
596 4403 741 4466 usurarii,
761 4403 841 4466 [silua
860 4402 962 4464 italum
980 4400 1088 4454 aarum.

409 4486 481 4540 ‘driu
501 4487 609 4573 Iusque
628 4488 672 4550 leit
690 4493 742 4541 uut
760 4503 803 4553 pu·
820 4485 982 4550 dticdtldolt
1000 4483 1107 4538 isurun!

453 4571 552 4635 ‘britta
571 4571 623 4625 initi
643 4572 675 4634 ie
695 4571 792 4624 metues
810 4572 901 4624 usatica
920 4570 1078 4635 &diuisique

411 4655 484 4720 “littl,
505 4673 517 4710 o
538 4657 597 4719 urit,
615 4659 646 4709 tu
667 4655 868 4718 tentaturum,
888 4671 931 4721 prr
952 4653 1066 4710 {cirtul'

1124 4739 1159 4799 1*
