3270 5354
171 351 244 421 4311
265 379 437 415 BLFV'FHEBH
451 379 553 414 anzahl
567 377 727 415 'FRIWFEVB
741 378 879 413 110οΤ011Ιῦ
893 377 1034 414 ttttvcutm
1048 377 1434 418 s.1on.c.triuott1snrtcouto¹.

371 533 490 602 Tristis,
514 535 612 613 inops,
636 534 699 592 sine
723 535 748 594 vi
771 550 903 610 semper,
928 533 1111 594 mestissima
1133 550 1271 613 semper,

371 636 510 713 Prompta
533 653 642 696 nocere
664 635 765 704 honis,
789 633 885 696 alieno
907 634 971 695 laeta
994 632 1114 704 dolore,

372 737 449 797 Laeta
473 736 566 807 malo,
589 754 716 815 cumque
739 737 817 798 haud
840 738 933 814 possit
956 753 1030 815 quos
1051 735 1180 815 perdere
1203 735 1302 805 vellet,

371 839 530 910 Quassatos
552 839 631 899 acuit
652 840 742 898 tacito
764 837 819 898 suh
842 856 996 899 murmure
1020 838 1124 899 dentes

319 960 357 1001 110
372 940 529 1018 Sanguinis
550 939 621 1000 hnic
643 939 715 1000 nihil
738 949 794 1009 est,
818 938 890 1000 nihil
912 941 989 1000 intra
1011 941 1124 1001 viscera
1147 943 1244 1008 succi,

372 1041 453 1103 Felle
476 1040 651 1121 1113010010,
677 1044 813 1121 piceique
836 1041 973 1103 alimenta
997 1045 1102 1103 veneni

371 1143 508 1204 Esuriein
530 1145 658 1205 vincunt.
682 1144 734 1205 sed
757 1162 824 1205 cum
847 1146 909 1206 sine
932 1146 1062 1222 tegmine
1085 1153 1146 1206 tres
1167 1145 1227 1207 sint

371 1245 441 1305 llaec
463 1245 632 1323 lerruginco
656 1244 716 1306 sola
740 1253 784 1308 est
806 1244 949 1308 velamine
971 1247 1077 1307 cincta.

412 1346 536 1408 Fercula
560 1348 713 1425 spectastis
735 1347 802 1408 lota
826 1348 929 1418 armis,
953 1348 1021 1408 loeta
1043 1350 1152 1419 ruinis,

320 1471 357 1510 110
372 1449 517 1526 Quodque
540 1449 616 1509 hosti
638 1449 765 1530 spolium
787 1469 911 1529 quaeque
934 1457 977 1511 cst
999 1447 1095 1510 ablata
1117 1449 1265 1528 supellex,

370 1552 546 1630 llosticaque
568 1557 600 1611 ut
622 1553 697 1613 veris
719 1551 881 1613 concedant
902 1551 1022 1612 numina
1044 1550 1132 1620 diris3
1179 1571 1181 1575 ’

371 1652 462 1732 ldque
484 1653 537 1713 luit
559 1661 691 1731 gratum:
715 1672 795 1716 nnnc
816 1654 922 1715 deinde
943 1653 1111 1731 sequentia,
1133 1655 1227 1725 circs,

370 1755 499 1834 Aspicite
521 1764 609 1835 atque
631 1754 718 1816 hilari
740 1755 922 1834 Capnionem
944 1755 1086 1816 accersite
1108 1754 1231 1833 plausu:

413 1857 495 1919 Dicat
517 1858 562 1928 lo,
585 1858 609 1919 si
631 1877 664 1919 se
686 1860 766 1919 novit
787 1860 960 1928 Germania,
983 1858 1075 1918 dicat:

319 1978 357 2019 aso
373 1959 457 2030 Quod
481 1960 571 2038 cupiit
593 1959 701 2020 lactum
725 1968 783 2031 est,
807 1961 944 2038 depressa
968 1960 1091 2021 minacia
1115 1959 1253 2021 Fratrum

370 2060 449 2120 Colla
472 2060 568 2123 tulere
591 2062 707 2140 iugum,
731 2070 809 2132 turm,
833 2081 898 2141 que
920 2062 1030 2123 servire
1053 2061 1215 2140 negabant,

371 2160 505 2224 Cervices
528 2163 645 2225 domitae
667 2173 750 2234 sunt,
774 2167 803 2225 iu
826 2165 972 2244 spectacla
995 2165 1087 2226 coacti

370 2263 406 2324 Et
428 2264 523 2326 rabidi
544 2266 664 2328 Fratres
686 2274 716 2327 et
737 2274 867 2327 amantes
890 2284 962 2328 rana
985 2265 1137 2344 Sophiste.

369 2366 481 2443 Lugeat
503 2377 531 2430 et
553 2366 686 2446 planctus
707 2369 928 2446 Agrippinensis
950 2367 1074 2431 acerbos
1285 2364 1428 2452 &Fam

318 2488 355 2528 100
370 2468 424 2531 Det
446 2467 562 2539 schola,
586 2469 735 2549 humoque
758 2470 861 2531 oculos
883 2470 987 2548 lugens
1009 2470 1119 2548 deligat
1139 2477 1168 2530 et
1191 2470 1278 2531 huius

369 2570 544 2633 Poenituisse
566 2571 650 2642 mali,
673 2573 723 2635 det
744 2574 841 2652 signa,
865 2580 894 2634 et
916 2580 1017 2654 aperta
1040 2571 1188 2652 relinquat

370 2673 489 2734 Erroris
510 2675 691 2735 monimenta
712 2677 774 2744 sui,
799 2677 972 2754 veniamque
995 2682 1150 2754 precetur,

370 2775 405 2837 Et
427 2794 531 2855 pacem
553 2774 682 2847 infelix,
706 2777 864 2839 undeunde
887 2784 1075 2856 extorqueat,
1098 2784 1180 2845 oret;

371 2877 463 2939 lledat
485 2879 614 2957 captivos
637 2880 739 2948 etiam,
763 2897 815 2940 sua
839 2881 976 2949 crimina,
1001 2879 1121 2940 Fratres

317 3001 355 3041 100
371 2982 545 3042 ltornminici
567 2989 737 3060 torvosque,
761 2981 843 3043 nolas
866 2980 999 3052 crudele,
1024 2980 1176 3059 Sophistas

370 3083 478 3154 lledat,
502 3100 588 3161 opem
611 3085 635 3145 si
659 3085 724 3163 quis
746 3082 871 3154 tulerat,
896 3083 971 3144 ierat
993 3084 1089 3143 omnia
1112 3082 1253 3162 supplex,

368 3184 477 3246 Foedus
498 3184 621 3246 adorato
644 3185 746 3248 saltem
770 3193 802 3247 ut
824 3186 975 3265 Capnione
998 3192 1139 3265 reportet

368 3288 462 3359 Quam
484 3287 583 3350 mallet
605 3287 710 3368 laqueo
732 3290 820 3349 vitam
843 3289 942 3349 finisse
964 3286 1008 3348 vel
1032 3289 1094 3349 ensi

367 3390 548 3470 Quaecunque
571 3390 739 3469 impellente
762 3408 851 3451 manu
874 3388 949 3451 latus
972 3389 1083 3452 obdere
1105 3396 1242 3468 apertum

316 3513 354 3551 101
369 3493 457 3553 Teter
480 3492 686 3570 Hogostrattus
708 3509 794 3571 quam
818 3509 926 3572 pompa
949 3492 1082 3553 inducier
1105 3492 1175 3561 ista;

368 3594 426 3655 Sed
449 3611 545 3671 neque
568 3594 711 3674 perditior
732 3611 830 3672 neque
852 3594 1022 3672 flagitiosior
1044 3592 1118 3655 alter

368 3696 400 3757 ln
423 3697 571 3777 Capniona
595 3696 649 3756 luit
672 3703 742 3757 tunc
764 3714 831 3757 cum
855 3704 902 3766 tu,
926 3696 1055 3776 perdite,
1079 3695 1166 3757 iudex

368 3798 475 3860 lectus
498 3809 526 3862 et
548 3799 689 3866 absurdis,
707 3802 736 3860 in
760 3797 858 3860 litibus
880 3797 992 3860 arbiter
1014 3814 1094 3860 esses

368 3901 448 3963 ldem
471 3911 635 3964 accrrsator.
659 3903 707 3964 die
730 3920 803 3981 quo,
828 3919 956 3970 vaesano,
979 3900 1125 3978 pudorem

316 4022 353 4062 eoo
369 4003 440 4065 Fert
462 4022 579 4066 omnem
604 4003 656 4064 tihi
679 4003 753 4064 livor
776 4002 867 4064 edant
890 4002 917 4075 1,
941 4003 1070 4082 perdite,
1095 4001 1198 4062 rinrlis

366 4105 447 4167 Nero
470 4106 547 4167 ieras
569 4115 635 4184 post
658 4113 739 4184 terga
763 4123 881 4172 rnanus,
905 4105 942 4164 da
965 4112 1046 4182 grata
1070 4106 1168 4165 ruenti

366 4211 440 4270 Ante
462 4216 528 4269 tuos
551 4216 661 4269 tractus
683 4209 778 4268 socios
800 4206 969 4286 spectacula
992 4206 1088 4285 vulgo.

365 4311 424 4378 lto,
449 4311 511 4372 deis
533 4312 648 4372 inimica
673 4311 794 4379 cohors,
818 4317 916 4371 tanen
939 4311 993 4377 ite,
1018 4308 1178 4387 Sophislae,

163 4464 367 4476 Q,—

229 4567 263 4601 ⁴⁶⁸
281 4579 365 4632 cunqt
384 4570 456 4618 1...3.
511 4582 617 4633 cunque
636 4570 692 4617 5.6.
744 4565 775 4598 ⁴⁷¹
796 4565 878 4616 Falto
897 4569 921 4617 5.
976 4563 1009 4597 ⁴⁷²
1027 4561 1096 4630 tres]
1116 4576 1201 4630 supra
1219 4563 1364 4629 descriptas
1381 4534 1434 4609 dae

161 4649 594 4717 4151100110010010110)3.4.7.
630 4650 663 4684 ⁴⁸⁸
682 4652 881 4702 1111011113.4.7.
918 4648 951 4682 ⁴⁹⁰
968 4650 1108 4701 Dominici
1127 4651 1218 4699 4.5.7.
1252 4645 1288 4678 ⁴⁰⁵
1305 4647 1434 4713 Hogostrt·

164 4743 274 4791 tuem.
320 4736 354 4770 ⁴⁹⁸
372 4738 541 4802 flagiciosior
560 4741 582 4787 1.
603 4738 780 4802 pernitiosior
798 4738 857 4786 Μ.
904 4736 1088 4801 perniciosior
1107 4737 1130 4783 7.
1178 4731 1212 4766 ⁴³⁹
1230 4728 1433 4785 vesanas...t.t
