3270 5354
270 349 344 422 466
380 379 472 414 arasa.
482 377 622 414 rannerus
633 376 740 413 crusna
750 376 851 414 cusam
862 376 896 411 na
907 377 1004 413 aaran.
1013 376 1257 414 transmarinam
1267 378 1303 412 ar
1314 377 1419 414 carun.
1432 376 1559 415 aaaeroa.

269 541 373 596 nostris
396 537 549 600 abiecistis.
573 546 615 594 sat
630 538 778 612 praestigiis
800 545 827 593 et
842 536 969 593 lfomana
992 538 1195 610 superstitionis
1217 536 1434 594 fascinatoribus
1456 555 1560 595 concea-

270 642 331 681 sum
353 631 410 680 est:
432 623 528 679 cedant
551 630 593 679 tot
614 623 756 697 planorum
780 625 859 684 avire,
882 622 997 696 prodeat
1019 622 1125 677 taudem
1146 622 1284 679 Christus!
1309 622 1400 696 caligo
1415 622 1509 680 abacta
1523 633 1561 679 est

270 719 298 765 et
320 709 419 766 oborto
442 710 564 764 veritatis
587 707 687 764 lumine
709 707 854 782 aliquando
878 708 1012 770 videmus,
1047 708 1197 769 emisero,
1232 724 1303 781 quos
1333 716 1392 764 tute
1420 711 1559 765 mosia

270 795 478 851 Romanenslum
501 792 777 867 commanipulatione
790 808 873 867 saepe
896 793 1022 848 derisisti.
1046 801 1088 847 est
1104 793 1183 849 hodie
1198 792 1349 849 Carmaniae
1371 801 1476 850 nostrae
1491 795 1561 865 inge·

270 880 358 942 nium.
382 887 425 935 est
447 877 590 934 consilium
614 887 641 933 et
664 878 820 953 prudentia,
851 885 915 933 sunt
937 880 984 952 qui
1007 895 1115 952 semper
1136 879 1245 934 fuerant
1266 878 1331 941 viri;
1360 880 1432 934 ures
1455 893 1578 952 quoquae

270 972 297 1020 et
320 959 437 1020 animuin
460 979 521 1018 esse
543 964 626 1020 Roma
648 964 805 1038 propediem
828 965 992 1037 experietur.
1015 962 1084 1030 Quid
1106 963 1139 1018 de
1160 965 1266 1020 ceteris
1282 961 1421 1037 sperabis,
1445 964 1470 1019 si
1484 963 1560 1019 audet

272 1059 326 1106 tarn
349 1049 498 1122 intrepide,
527 1056 686 1105 constanter
708 1057 735 1104 et
757 1050 891 1110 animose,
921 1051 944 1105 si
967 1057 1020 1105 taur
1043 1047 1128 1104 fihere
1150 1056 1245 1105 contra
1268 1055 1341 1104 tuam
1365 1049 1434 1104 hauc
1462 1054 1491 1102 et
1512 1047 1560 1103 lio·

203 1136 344 1203 §.lamani
367 1135 490 1207 episcopi
513 1133 679 1206 impietatem
703 1135 902 1207 sanguinariam
925 1133 1017 1207 eloqui
1040 1134 1176 1190 carnifex?
1199 1132 1277 1200 Quod
1299 1134 1432 1190 hactenus
1456 1132 1559 1207 quidem

270 1229 324 1277 tam
347 1221 480 1293 patientes
502 1219 567 1290 iugo
590 1221 748 1274 vestratium
771 1218 910 1292 aliquanto
934 1219 1003 1275 colla
1026 1218 1215 1280 submisimus,
1240 1219 1386 1280 hocerat,
1409 1219 1474 1291 quia
1497 1234 1559 1273 auro

269 1312 367 1361 nostro
390 1303 547 1359 inimicicias
570 1318 630 1358 esse
654 1304 738 1360 factas
760 1303 888 1364 vidimus.
912 1304 985 1376 quod
1007 1312 1082 1360 extra
1098 1303 1267 1360 Germaniam
1282 1302 1384 1360 auferri
1399 1319 1483 1376 quam
1497 1302 1585 1358 Ger-rt

270 1407 348 1446 urana
370 1388 576 1444 mausuetudine
598 1389 742 1461 quicquum
771 1389 910 1461 indiguum
933 1390 1102 1445 committere
1124 1390 1285 1463 optavimus.
1321 1403 1469 1462 quousque
1496 1403 1558 1460 erge

270 1477 296 1530 in
318 1490 429 1530 censum
452 1480 577 1529 nostrum
603 1488 724 1546 opesque
747 1474 842 1548 patriae
871 1482 973 1530 nostrae
995 1474 1104 1530 fraudes
1132 1481 1237 1529 vestras
1265 1472 1460 1546 protendistis‚
1498 1470 1559 1529 nihil

269 1560 351 1615 animi
372 1566 505 1614 mutatum
527 1566 583 1620 est.
613 1559 679 1613 nihil
702 1561 728 1613 in
752 1575 800 1614 vos
823 1558 911 1614 moliti
934 1577 1042 1624 sumus,
1070 1575 1104 1614 ne
1127 1559 1291 1614 seditionum
1314 1566 1429 1634 autores
1451 1557 1560 1613 insimu-

270 1644 403 1707 laremur;
426 1660 475 1698 vos
491 1651 595 1704 autern,
618 1651 765 1717 postquam
788 1643 947 1700 facultatum
964 1652 1118 1700 nostrarum
1133 1650 1268 1718 proventu
1282 1641 1432 1715 ingluviem
1446 1651 1559 1698 uestram

270 1746 324 1785 nou
347 1730 501 1789 exatiastis,
524 1728 571 1783 sed
593 1727 626 1783 ad
641 1727 793 1785 libertatem
808 1731 888 1785 etiarn
904 1738 1039 1791 nostrum,
1063 1731 1172 1785 unicum
1196 1727 1273 1800 regui
1288 1727 1378 1783 nostri
1393 1727 1557 1787 thesaurum.
1568 1737 1588 1776 u

270 1816 412 1888 sagaciore
439 1828 505 1869 nare
532 1821 676 1887 penetrare
704 1813 774 1870 dolis
798 1823 825 1870 et
854 1814 994 1887 tyrannide
1022 1822 1111 1869 vestra
1134 1813 1221 1870 adorti
1245 1814 1328 1878 estis,
1358 1814 1456 1873 etiam,
1485 1828 1559 1885 quara

271 1899 354 1954 semel
377 1897 514 1955 mordicus
537 1899 654 1972 professi
676 1916 785 1960 sumus,
809 1899 909 1955 Christi
931 1899 1092 1974 religionem
1114 1901 1212 1954 vestris
1227 1897 1310 1971 nugis
1324 1903 1353 1953 et
1367 1896 1403 1952 ad
1417 1894 1560 1952 fallendum

271 1985 406 2041 instructo
429 1990 583 2039 commento
605 1983 684 2039 nobis
706 1985 826 2047 auferre.
852 1985 979 2058 pietatem
1002 1984 1159 2058 disperdere
1180 1982 1295 2040 licenter
1316 1983 1405 2055 magis
1428 1980 1560 2056 mamad
1623 1994 1626 2004 ·

269 2069 369 2126 Christi
394 2077 497 2124 sortem
519 2076 629 2124 vocatos
652 2068 729 2125 decet
752 2072 841 2125 conati
865 2072 946 2131 estis,
975 2087 1030 2125 nou
1053 2071 1193 2143 potuimus
1222 2067 1293 2125 ultra
1316 2068 1343 2123 in
1368 2067 1419 2124 hac
1441 2082 1561 2124 mansue·

272 2154 364 2210 tudine
385 2162 479 2210 nostra
502 2153 663 2215 dormitare,
687 2170 733 2215 ne,
757 2154 830 2227 quod
853 2154 916 2210 olim
940 2157 967 2210 in
991 2172 1020 2210 re
1042 2154 1093 2210 levi
1117 2162 1144 2210 et
1166 2152 1281 2227 publice
1297 2152 1411 2209 utilitati
1433 2152 1503 2209 nihil
1517 2153 1589 2207 nat-2·

269 2240 368 2296 uitauti
390 2242 476 2295 virtus
498 2247 569 2301 erat,
600 2240 626 2294 in
650 2246 725 2294 tauto
748 2255 839 2295 rerum
862 2240 983 2314 periculo
1012 2248 1039 2295 et
1062 2247 1209 2313 gygantum
1238 2246 1335 2295 eontra
1364 2237 1447 2294 deam
1475 2254 1561 2312 pugna

203 2331 424 2393 praesumetur
446 2325 472 2378 in
495 2324 598 2379 vitium.
634 2322 795 2396 Nequimus,
824 2327 968 2398 nequimus
992 2325 1118 2398 proinde,
1142 2323 1287 2384 hleauder.
1311 2330 1339 2377 et
1360 2340 1425 2385 vos,
1448 2321 1562 2380 menda·

271 2425 381 2464 mouurn
410 2408 563 2483 papiliones
591 2409 769 2470 Romanistae,
806 2410 940 2466 scelerum
969 2419 1122 2466 vestrorum
1151 2416 1339 2482 portentosam
1368 2409 1562 2464 immanitatem

270 2493 386 2568 amplius
408 2494 544 2566 perferre,
567 2509 617 2549 uec
639 2492 776 2557 rotimum
796 2492 801 2567 Ι
821 2495 944 2550 Germani
967 2512 1074 2555 sumus,
1098 2494 1224 2550 &amani
1244 2491 1424 2556 manebimus,
1447 2509 1463 2550 a
1485 2494 1563 2549 maia·

201 2595 206 2605 ⁸
271 2578 347 2634 rihus
368 2579 533 2650 degenerare
556 2595 661 2635 summo
684 2579 862 2636 inhonestatis
884 2580 945 2637 loco
961 2595 1021 2635 esse
1036 2581 1179 2642 ducentem
1204 2578 1383 2635 Christianam
1404 2577 1589 2651 religioneaa

271 2665 298 2719 in
322 2664 433 2738 spiritu,
457 2665 484 2719 in
500 2681 607 2725 amore,
631 2666 754 2738 lupam,
778 2673 808 2719 ut
824 2664 932 2720 Christo
956 2674 1051 2721 autore
1073 2681 1122 2738 per
1137 2664 1257 2720 maiores
1278 2670 1393 2719 nostros
1415 2663 1498 2720 nohis
1513 2670 1562 2718 tra·

273 2748 328 2805 dita
351 2757 405 2810 est.
430 2749 536 2811 fovere,
559 2748 685 2822 amplecti
709 2757 737 2804 et
758 2751 909 2806 exosculari
933 2766 1069 2824 nunquam
1093 2751 1209 2823 pigitum
1230 2756 1273 2804 est
1295 2763 1347 2828 nee
1368 2748 1492 2822 pigebit;
1514 2747 1563 2805 lto·

272 2835 438 2890 maueusium
458 2843 548 2891 autem
564 2835 795 2908 superstitionem,
819 2835 933 2891 ethnicis
949 2843 977 2890 ct
999 2834 1093 2893 ludaeis
1109 2837 1246 2895 maiorem,
1269 2836 1296 2890 iu
1313 2849 1362 2889 sua
1377 2849 1475 2906 regna,
1497 2831 1564 2888 uude

203 2911 260 2974 §Itu
272 2935 420 2992 progressa
442 2928 498 2982 est,
528 2918 720 2992 ablegahimus.
744 2920 783 2975 'fu
807 2921 923 2982 interea,
953 2920 1099 2982 nicander,
1129 2922 1175 2992 qui
1203 2916 1379 2975 benedicendi
1409 2917 1563 2974 facultatem

273 3003 353 3060 titulo
375 3006 451 3078 ipso,
474 3020 504 3060 re
527 3019 588 3059 vera
611 3011 701 3060 autem
724 3005 899 3061 maledicendi
922 3014 949 3060 et
971 3005 1156 3062 malefaciendi
1185 3003 1281 3060 malam
1304 3011 1392 3059 artem
1415 3002 1591 3078 profiteriatt

271 3097 336 3145 nota
358 3088 448 3163 aliqua
471 3090 643 3163 quantumvis
666 3105 763 3162 magna
785 3091 986 3147 mendaciorum
1009 3100 1119 3147 tuorum
1143 3088 1251 3146 officina
1273 3088 1422 3150 felicionis,
1452 3090 1563 3162 patriam

272 3322 369 3372 oborto
387 3321 488 3374 lumine
507 3323 650 3385 veritatis,
671 3321 762 3387 caligo
782 3323 885 3373 abacta
904 3328 954 3374 est.
975 3324 1120 3386 Videmus,
1140 3324 1193 3374 etsi
1211 3338 1285 3385 saro,
1306 3336 1374 3388 quos
1392 3322 1488 3388 tuipse
1506 3336 1563 3372 cum

270 3408 326 3457 tuis
345 3423 434 3457 caeeus
452 3423 526 3473 saepe
545 3407 677 3458 derisisti.
696 3408 748 3457 Est
766 3436 797 3444 —
810 3436 842 3444 -
861 3410 1010 3474 ingenium,
1029 3408 1171 3472 enutriri,
1192 3411 1234 3458 est
1247 3406 1393 3457 consilium
1407 3414 1437 3458 et
1449 3407 1562 3472 pruden-

270 3492 324 3551 tia;
343 3493 416 3543 vires
429 3508 535 3557 quoque
549 3497 577 3542 et
590 3492 710 3541 animum
723 3507 784 3543 esse
803 3496 833 3541 tu
847 3492 994 3558 aliquando
1008 3494 1168 3558 experiaris.
1198 3493 1314 3556 Quid-
1328 3492 1398 3542 -ai
1412 3491 1499 3542 andes
1511 3498 1564 3541 um

271 3578 402 3640 animose,
422 3583 478 3648 tam
493 3583 653 3628 constanter
666 3582 693 3626 et
705 3577 842 3642 intrepide
855 3583 952 3628 eontra
970 3606 1002 3614 -
1019 3604 1053 3614 -
1071 3578 1197 3629 carnifex
1211 3576 1320 3641 eloqui?
1338 3603 1370 3611 -
1391 3602 1420 3611 -
1443 3575 1591 3641 aliquan-tt

270 3661 328 3711 tulo
346 3688 379 3697 -
391 3688 425 3696 —
443 3663 610 3712 inimicicias
629 3663 689 3711 fieri
707 3663 836 3712 vidimus:
856 3689 890 3699 -
903 3691 934 3699 -
953 3663 1163 3714 mausuetudine
1177 3662 1318 3727 indignum
1331 3661 1482 3726 quicquam
1496 3675 1564 3710 eom·

271 3746 381 3798 mittere
400 3748 564 3811 optavimus.
596 3747 739 3807 Quatenus
763 3747 878 3811 proinde
903 3748 936 3798 de
961 3763 1046 3798 censu
1069 3747 1221 3813 opibusque
1246 3746 1359 3796 fraudes
1378 3773 1411 3781 —
1431 3771 1463 3779 —
1482 3744 1564 3796 animi

271 3831 444 3882 immutatum
469 3836 524 3889 est,
548 3858 580 3866 —
599 3858 632 3866 -
654 3832 756 3894 moliti,
782 3849 814 3881 ne
839 3833 985 3883 seditionis
1009 3839 1037 3882 et
1061 3834 1220 3883 scismatum
1244 3831 1377 3882 authores
1402 3830 1564 3881 diceremur.

270 3915 326 3966 Vos
347 3942 374 3951 -
395 3943 427 3951 -
445 3917 612 3978 thesaurum,
632 3917 761 3981 sagacius
780 3919 939 3969 incumbere
958 3918 1116 3983 coemistis,
1138 3919 1220 3968 etiam
1239 3918 1377 3965 —etiam
1397 3916 1501 3965 vestris
1519 3916 1562 3963 im·

271 4002 390 4065 pasturis
413 4001 492 4051 nobis
517 4001 642 4060 auferre,
667 4005 695 4050 et
717 4003 851 4066 pietatem
874 4029 908 4038 -
925 4031 957 4038 —
977 4005 1005 4053 in
1029 4002 1239 4053 mansuetudine
1264 4028 1297 4036 —
1315 4028 1346 4036 -
1372 3999 1432 4049 levi
1455 3999 1590 4049 virtutiste

271 4089 344 4146 erat,
370 4101 442 4135 nraue
467 4086 513 4134 uhi
537 4087 628 4136 s'ivum
650 4087 776 4151 tangitur
798 4087 895 4135 vitium
919 4086 1006 4137 fieret.
1043 4088 1205 4151 Nequimus,
1231 4087 1391 4151 nequimus,
1418 4084 1562 4144 Aleauder,

270 4176 458 4234 portentosam
482 4170 618 4220 scelerum
637 4177 789 4221 vestrorum
809 4172 1008 4222 immanitatem
1033 4171 1150 4237 amplius
1173 4171 1311 4236 perferre,
1336 4184 1389 4219 nec
1416 4172 1502 4219 etiam
1521 4184 1564 4217 re·

271 4252 366 4304 lunius.
397 4253 528 4304 Germani
547 4282 578 4289 -
597 4281 631 4290 —
649 4256 799 4305 maioribus
822 4257 923 4306 nostris
945 4273 1001 4307 non
1024 4257 1190 4322 degeneres,
1214 4271 1266 4304 nee
1285 4254 1313 4303 in
1333 4252 1498 4304 Christiana
1516 4253 1563 4300 lide

271 4341 416 4404 quicquam
434 4346 535 4405 practer
554 4340 692 4390 Christum
717 4341 926 4405 amplectentes.
963 4343 1005 4391 'ru
1027 4341 1173 4391 infamiam
1197 4338 1372 4405 quantumvis
1392 4355 1522 4405 magnam
1540 4338 1564 4385 in

337 4558 477 4627 ²planca]
491 4561 654 4625 vagantium
668 4561 852 4626 impostorum.
898 4560 908 4592 ⁴
922 4562 959 4612 cl.
973 4561 1027 4612 vol.
1042 4561 1077 4611 11.
1091 4578 1118 4627 p.
1131 4560 1156 4612 6.
1170 4577 1196 4610 v.
1213 4559 1252 4609 15.
1266 4574 1325 4624 sqq.
1340 4576 1367 4625 p.
1379 4559 1421 4610 15.
1436 4576 1462 4611 r.
1473 4558 1513 4610 29.
1527 4574 1563 4622 sq.

269 4642 383 4692 “aniani
403 4649 425 4693 1.
485 4645 657 4709 ”aliquanto
675 4649 712 4696 sic
730 4650 754 4696 1.
816 4642 837 4678 ¹¹
856 4644 953 4712 uirtus]
973 4647 1047 4697 virus
1068 4649 1122 4697 Lu.
1180 4641 1379 4695 ”Alexander
1398 4651 1427 4697 G.
1480 4644 1564 4693 “au-

270 4726 348 4777 thore
368 4733 396 4774 G.
448 4727 469 4759 ²⁹
488 4729 645 4780 Alexander
663 4735 691 4780 G.
