3270 5354
163 378 237 450 370
341 408 465 443 avaram
478 407 507 442 ru
522 406 718 443 ΕΧΟΕΡΤῘΟΙΕΙ
731 406 918 444 ΙΟΟΥΜῚΠΑΙ
929 407 1053 443 annuam
1066 407 1272 444 nauteriacus.

367 562 415 622 ‘ln
437 569 466 622 le
487 561 664 622 Pannonicae
687 564 822 623 coniurat
844 565 942 640 portio
964 564 1077 639 gentis:
1342 562 1435 648 lm:

367 663 562 726 ‘Gaudelrunt
584 666 670 743 patrii
693 664 794 743 populi
817 665 978 742 venetique
999 663 1158 725 timebunt.

369 765 421 825 ‘Et
443 767 570 826 tristaris
592 766 688 827 adhuc
710 769 875 845 amissaque
898 768 1025 845 pignora
1049 765 1151 843 luges?

314 888 353 928 sto
369 866 483 929 ‘Reiice
506 868 542 928 ab
567 867 708 929 alberico
732 887 833 936 curas.
857 868 978 928 meliora
1001 867 1151 928 dabuntur

367 968 541 1046 ‘Tempora
565 988 619 1047 per
641 971 756 1050 Stygius
779 969 831 1030 uui
854 971 987 1048 luppiter
1010 970 1113 1031 anuuit
1135 969 1257 1031 undas'.

449 1071 520 1143 Oua
542 1080 696 1149 postquam
720 1072 868 1141 audierat,
893 1087 999 1150 magno
1021 1074 1181 1134 Germania
1204 1080 1285 1134 motu

366 1172 468 1233 Erexit
488 1193 555 1234 sese
578 1180 608 1234 et
629 1173 708 1234 luctu
733 1174 882 1234 revocarit
904 1175 1000 1242 inani,

365 1274 564 1352 lloesticiaque
587 1277 717 1336 animum
741 1275 824 1336 solvit
848 1276 1004 1353 posuitque
1025 1275 1178 1346 timorem,

316 1397 353 1438 su
370 1375 459 1436 Obvia
482 1394 565 1455 spem
589 1379 663 1437 volis
686 1377 855 1457 complexa,
878 1383 1050 1455 metumque
1070 1378 1203 1448 remisit,

365 1478 402 1538 Et
423 1477 487 1538 laeta
511 1479 626 1538 incessu
649 1481 755 1556 patuit,
780 1480 879 1540 videre
902 1480 1063 1540 recinctam

366 1580 513 1640 Continuo
536 1589 652 1657 gentes
677 1580 754 1660 quali
777 1581 853 1642 solet
876 1599 940 1641 esse
962 1588 1082 1657 paratu:

366 1682 440 1741 Nam
464 1684 559 1760 patrio
581 1681 674 1742 velata
696 1700 767 1758 sago
790 1683 950 1761 spoliisque
973 1682 1102 1743 serarum

367 1782 493 1843 Errabat
515 1785 665 1845 succincta
689 1785 844 1854 humeros,
869 1784 1065 1862 manibusque
1088 1785 1224 1862 rigentes

315 1908 353 1948 seo
368 1885 509 1947 Induerat
531 1886 632 1956 vill0s;
658 1895 759 1947 errant
781 1906 796 1947 a
821 1889 928 1947 cortice
950 1888 1062 1947 circum

367 1987 520 2064 Spirantes
542 1987 641 2048 boreae
664 1997 692 2050 et
714 1989 829 2049 nixibus
851 1989 927 2066 riget
949 1988 1062 2065 hispida
1086 1991 1202 2058 cervix,

367 2088 574 2169 Hercynioque
597 2093 707 2151 intenta
731 2093 799 2169 iugo
822 2109 943 2151 nemora
966 2088 1021 2150 alta
1045 2091 1158 2168 petivit,

367 2190 518 2268 lugentem
543 2195 678 2270 quatiens
701 2192 843 2253 frameam
866 2193 1056 2268 circumspicit
1078 2192 1174 2253 iude

368 2292 478 2354 Omnes
501 2295 529 2353 iu
553 2292 678 2371 pupulos
700 2302 788 2371 atque
811 2294 947 2354 omnibus
969 2295 1188 2372 imperatoris.

317 2417 354 2456 sas
370 2395 516 2472 Tempore
540 2397 596 2455 iam
621 2415 656 2456 ex
680 2395 728 2457 illo
751 2414 864 2456 summa
887 2395 1051 2472 expectatio
1074 2393 1160 2456 nobis

368 2497 399 2556 lu
423 2505 548 2558 vestram
572 2505 617 2558 est
638 2505 736 2559 erecta
758 2499 892 2566 domum,
916 2497 986 2557 dum
1009 2495 1122 2574 singula
1145 2481 1241 2576 nuper

368 2598 513 2658 Eveniunt
534 2601 645 2660 maiora
668 2599 735 2660 fide.
780 2600 836 2669 lla,
860 2600 987 2659 niaximc
1009 2601 1165 2678 princeps,
1323 2598 1483 2684 mu·-

368 2700 409 2760 Oa
432 2700 508 2761 ludis
530 2719 705 2780 pompaeque
728 2701 840 2769 locum,
863 2703 928 2762 siue
950 2700 1056 2779 gaudia
1078 2700 1152 2761 laetis

368 2802 502 2862 Adventu
526 2811 667 2880 concepta
691 2811 742 2863 tuo
764 2820 797 2864 se
820 2803 978 2864 extendere
1002 2804 1124 2880 passim:

316 2925 354 2964 suo
370 2904 406 2964 Et
428 2904 520 2982 pudet
542 2912 571 2966 et
594 2904 696 2973 lacies,
720 2924 817 2983 noque
840 2907 917 2966 enim
941 2922 999 2965 non
1022 2904 1129 2982 gaudia
1152 2911 1263 2981 cogunt

368 3006 452 3082 Saepe
475 3005 599 3083 aliquid;
623 3025 713 3068 cerne
736 3014 768 3067 ut
790 3014 939 3086 nequeant
960 3005 1080 3067 avellier
1102 3005 1156 3068 abs
1178 3013 1208 3067 te

367 3106 451 3167 Nulla
476 3109 517 3168 ira
541 3107 689 3185 nullisque
713 3109 798 3169 minis
821 3111 870 3188 qui
893 3117 921 3169 te
943 3110 973 3168 in
996 3125 1048 3168 sua
1071 3109 1165 3186 passis

367 3210 522 3287 Accipiunt
544 3209 695 3277 manibus,
718 3228 808 3271 cerne
831 3218 864 3270 ut
886 3208 1050 3288 saliuntque
1072 3216 1223 3288 ruuntque

368 3311 449 3371 lllotu
471 3312 664 3388 incomposito
686 3314 860 3390 veniamque
882 3311 919 3371 ab
941 3329 1044 3372 amore
1067 3319 1231 3373 merentur.
1375 3385 1376 3388 Ἴ

316 3432 355 3473 sas
371 3412 434 3472 Non
458 3411 543 3473 aliter
565 3431 653 3491 quam
677 3431 743 3473 cum
768 3432 894 3492 peregre
916 3415 1049 3493 genitore
1071 3413 1207 3491 prolecto
1352 3412 1356 3488 l
1374 3410 1483 3487 ξὲξΓ

369 3513 457 3574 lllulta
481 3515 531 3574 diu
555 3515 678 3593 cupidos
700 3522 781 3576 tenet
803 3516 966 3594 expectatio
990 3522 1073 3574 iratos

368 3615 606 3694 suspensamque
629 3617 765 3687 domum,
789 3623 922 3678 metuunt
945 3623 1124 3696 sperautque
1146 3616 1275 3676 vicissim

368 3717 490 3777 Solliciti
512 3719 601 3785 votis,
626 3718 720 3778 solers
743 3720 825 3778 timet
848 3720 945 3778 cannia
969 3719 1098 3778 coniunx

368 3817 533 3898 Omniaque
556 3821 696 3898 exquirit,
722 3838 788 3880 cum
812 3837 891 3881 nunc
915 3836 1034 3879 rumore
1057 3821 1177 3880 sinistro

312 3942 352 3984 axo
368 3920 475 3981 Fertur
497 3923 526 3980 in
550 3921 632 3982 lonio
654 3922 775 4000 puppim
798 3921 920 3999 fregisse
942 3920 1106 4000 prolundo,

367 4023 451 4083 Nunc
473 4041 629 4101 superesse
651 4025 731 4092 neci,
755 4024 831 4084 redit
852 4023 900 4082 liic
922 4028 965 4082 tot
988 4022 1125 4084 euntibus
1146 4024 1245 4093 annia,

367 4126 403 4185 Et
425 4135 562 4205 speratus
584 4125 667 4186 adest
689 4125 796 4194 avidis,
821 4143 876 4184 uec
900 4125 993 4203 gralia
1016 4124 1102 4202 longa
1127 4131 1171 4184 est

368 4229 521 4289 Attenuata
545 4246 642 4296 mora,
666 4227 855 4297 discurritur,
879 4225 961 4287 obvia
985 4233 1100 4287 certant

232 4413 265 4447 ⁵⁰⁸
288 4414 435 4480 Georgius,
464 4416 531 4465 Pius
553 4413 660 4476 dietus,
686 4413 816 4464 Oasimiri
839 4412 1001 4477 Albertique
1024 4411 1125 4472 freter,
1150 4411 1273 4462 marchio
1296 4410 1450 4466 Onoldinns,

164 4503 221 4548 unt.
237 4515 261 4549 e.
278 4498 360 4561 1485,
375 4499 509 4549 Ludovici
520 4499 674 4564 Hungcriae
686 4499 760 4565 regis
773 4499 831 4548 neti
851 4514 877 4550 e.
892 4496 964 4546 1506.
978 4501 1052 4546 tutor
1064 4496 1157 4545 lactus
1170 4502 1235 4561 poet
1247 4495 1382 4547 Vladislai
1393 4492 1446 4544 vll.

164 4587 277 4632 mortem
298 4582 335 4646 (a,
351 4582 436 4644 1516.)
455 4600 503 4649 pro
522 4599 587 4649 rege
606 4585 758 4648 Hungoriae
776 4579 1058 4648 praeluit.†a.1543.
1111 4578 1146 4613 ⁶¹⁰
1162 4578 1238 4646 alu]
1261 4596 1322 4642 avo,
1341 4576 1445 4630 Achille.

164 4665 197 4697 ⁵¹⁴
215 4666 375 4732 Moestitidq3
395 4671 484 4718 3.5.6.
549 4665 582 4699 ⁶²³
601 4667 792 4732 circumspicit
810 4669 882 4717 2...d.
947 4663 981 4696 ⁵¹¹
1000 4666 1058 4715 Hoc
1074 4667 1163 4718 leam
1179 4668 1269 4715 om.
1338 4663 1442 4712 ⁸”enar-

165 4756 256 4815 coepta
275 4755 299 4799 1.
352 4749 385 4782 ⁵³⁸
403 4753 432 4801 in
451 4755 601 4818 composito
619 4758 645 4803 5.
697 4750 731 4783 ⁵³⁸
750 4753 849 4803 coniux
868 4755 893 4803 O.
1418 4747 1422 4755 ¹
