3270 5354
151 410 230 447 ΙΙΙΙΙ
243 410 282 447 dn
290 408 581 448 ῦΙῦ.ΙΔΧΙΙΙΙιῙΔΠΙ
593 410 629 445 VT
639 410 752 447 bubbvit
763 411 791 445 lb'
803 411 928 447 VENETOB
938 412 1055 456 nostro.
1064 412 1310 450 ΙΧΕΟΙΤΑΤΟΙΝΙ.
1336 384 1404 459 133

311 563 447 627 Vendidit
468 564 533 625 bree
553 562 660 626 'l'urcis
682 563 787 634 urbes,
811 565 874 625 hmo
897 565 1026 626 vendidit
1045 584 1147 637 arces,

394 666 465 729 llum
487 666 679 745 Bpsantiuum
703 666 834 744 prodidit
857 669 1024 744 imperium.

309 766 375 845 Quo
396 768 495 830 minus
517 767 571 827 bns
593 765 705 845 aquilas
727 769 803 828 dsire
827 767 1001 846 videantque
1025 776 1227 850 ueniantque,

256 890 295 931 υ)
390 869 455 942 Quo
476 870 574 931 minus
596 868 654 929 boe
676 877 827 948 sceptrum
850 868 945 929 mollis
967 871 1072 932 adoret
1091 872 1200 941 Arabs,
1273 912 1278 919 -

309 968 374 1033 llou
388 976 436 1039 tu,
452 968 549 1031 'lurco
566 970 668 1037 leros,
684 988 741 1030 nee
756 972 912 1049 quisquam
928 990 963 1031 ex
980 971 1115 1034 hostibus
1130 981 1233 1043 oritur,
1251 1028 1255 1036 .

392 1070 450 1133 Sed
473 1070 591 1141 Veneti,
615 1088 766 1149 utinquam
790 1072 840 1149 qrri
862 1078 984 1138 tenuere
1006 1073 1112 1142 iidem,

309 1174 440 1253 Quique,
462 1172 513 1233 ubi
535 1174 684 1233 communi
707 1179 774 1233 voto
796 1170 963 1250 respublica
987 1174 1093 1235 Christi

258 1292 296 1337 m
392 1274 425 1335 ln
447 1270 558 1335 bellum
581 1274 657 1334 vires
680 1271 805 1334 eontulit
826 1276 981 1336 uuarrimes

308 1376 366 1438 Pro
388 1376 449 1437 rltu
469 1376 622 1463 sacrisque
644 1376 707 1437 suis
729 1376 847 1453 viteque
869 1393 1008 1445 suorum,

391 1475 517 1539 Finibus
538 1476 669 1555 imperii,
692 1474 845 1553 relligione
867 1484 1001 1554 potrum,

308 1579 366 1640 bnt
386 1580 443 1659 ipsi
464 1570 520 1659 pro
542 1597 575 1639 se
597 1584 713 1639 cessent
735 1586 922 1657 emptumque
945 1587 1112 1649 morantur,

256 1690 296 1733 Μ
388 1682 448 1741 dut
469 1680 598 1759 perdunt
618 1680 714 1740 serius
736 1680 904 1757 proditione
927 1683 1048 1741 animas.

309 1780 436 1843 Omnino
459 1782 488 1841 in
511 1779 637 1842 Venetos
658 1781 801 1842 sumenda
825 1788 868 1840 est
889 1781 962 1842 ultio
985 1783 1118 1854 trondem

392 1880 586 1961 blorbidoque
609 1882 666 1942 boo
688 1899 757 1959 pars
780 1902 795 1942 u
819 1900 946 1960 corpere
969 1883 1103 1945 babendo
1126 1885 1247 1965 procul,

310 1984 352 2047 de
372 1982 460 2045 veluti
482 1982 657 2047 membrum
676 1984 780 2061 siquod
804 2002 888 2045 saeer
911 1986 985 2062 ignis
1008 1986 1128 2055 noluerat,

258 2106 299 2151 ²³2
394 2084 461 2147 Sive
482 2083 563 2155 lues,
587 2102 710 2153 runeer.
734 2086 949 2146 immedieaudo
972 2094 1069 2157 veturs,

307 2189 476 2249 decurrunt
497 2187 604 2249 meelici
626 2186 706 2246 lerro
729 2194 904 2267 partemque
926 2189 1076 2257 recidunt,

393 2286 437 2350 Ne
458 2295 552 2350 totum
575 2296 667 2348 traete
691 2288 802 2348 rlellunt
823 2288 929 2351 illuvie.

308 2390 389 2453 Urbs
407 2390 487 2452 boeti
509 2398 643 2469 sperula,
668 2390 726 2451 iuis
748 2392 897 2450 centraria
920 2393 1006 2463 votiS,

257 2512 298 2557 m
392 2492 424 2554 si
445 2492 532 2562 sinis,
555 2489 705 2571 lllyrieum
728 2491 835 2569 prodet
857 2501 886 2553 et
908 2490 1028 2554 ltaliam.

308 2593 411 2655 Donec
433 2593 511 2655 enim
534 2600 678 2672 superant
699 2594 795 2662 treus,
819 2595 982 2672 impostura
1005 2595 1124 2675 dolique

393 2693 542 2773 Pontoque
563 2695 666 2761 iuratis
687 2695 826 2755 insidioso
849 2694 925 2764 deis,

310 2795 396 2857 Virus
417 2801 447 2857 et
468 2795 595 2864 insidior,
620 2813 679 2855 nou
701 2790 828 2855 te'siuet
851 2816 914 2857 esso
938 2800 1085 2877 qrrietum:

258 2920 298 2963 uo
394 2896 459 2957 Hoc
481 2904 512 2957 tu
534 2897 571 2957 de
596 2896 712 2958 Venetis
735 2899 853 2976 srisrpre
876 2900 1012 2978 ieresque
1035 2900 1103 2959 diu?

311 2999 372 3061 lom
394 3015 513 3079 quoque
535 3000 652 3059 eeuouii
677 2998 790 3058 Latium
814 2999 864 3059 tibi
888 3008 917 3060 et
938 2999 1008 3061 itale
1032 3017 1123 3078 regua

394 3099 496 3161 Visere
518 3118 551 3161 se
573 3100 676 3160 irrediis
699 3118 866 3181 opposuere
889 3102 955 3163 riis:

215 3268 227 3289 ·
313 3202 425 3281 Aspicis
438 3200 525 3270 baee,
550 3202 720 3280 poterisque
743 3204 816 3280 pmii,
841 3201 996 3282 Cuuurque
1020 3206 1134 3264 roenri‘t

257 3324 297 3366 ru
394 3300 471 3372 Quin
493 3304 557 3380 agis
578 3309 668 3379 atque
691 3303 772 3363 erbis
795 3312 823 3364 te
846 3311 934 3382 eaput
957 3323 1021 3365 essu
1044 3292 1146 3365 riores!

309 3405 347 3465 tu
368 3404 502 3487 quisquis
523 3404 592 3463 lacit
614 3402 669 3464 bos
691 3413 810 3473 eontra,
835 3406 889 3472 diis
912 3424 970 3465 nou
994 3408 1062 3467 lueit
1084 3407 1192 3484 moeris,

394 3504 432 3565 Et
454 3522 522 3565 cum
544 3504 676 3565 Fortuna
699 3508 819 3567 numine
842 3506 917 3567 bello
940 3509 1032 3585 gerit:

312 3604 411 3668 Crevit
432 3607 509 3668 enim
533 3606 669 3684 viresque
692 3608 799 3667 itermu
823 3616 903 3669 teuot
926 3611 1011 3671 ddriu
1035 3629 1166 3671 summas

260 3728 300 3772 us
395 3706 433 3769 Et
453 3726 486 3769 se
508 3707 609 3768 vietori
632 3709 777 3786 surripuit
797 3710 913 3788 Liguri;

312 3807 378 3871 Nou
400 3826 600 3869 aerumnosum
623 3809 763 3887 piscando
787 3828 919 3888 querere
942 3814 1065 3881 virtum,

397 3909 462 3971 Nou
484 3909 561 3970 ultra
583 3911 697 3971 iaceres
719 3913 804 3971 unxia
827 3912 937 3973 balure
961 3932 1043 3973 enses

311 4116 371 4175 Non
394 4134 578 4175 aerumnosum
600 4118 705 4192 piseniu
728 4136 851 4192 querere
872 4119 985 4182 victum,
1349 4132 1404 4193 [usu

274 4218 300 4257 ro
396 4202 455 4260 Non
479 4201 552 4259 ultro
574 4201 678 4259 laceros
701 4204 778 4260 uuriu
801 4203 901 4260 bebere
924 4223 999 4261 cusos

175 4384 211 4421 ¹¹⁸
229 4384 407 4449 bysuntinum
424 4402 518 4435 omnes.
536 4384 600 4450 Ipse
613 4400 719 4450 quoque
732 4386 939 4436 bloximilianus
958 4401 1011 4434 non
1030 4400 1083 4434 uuo
1096 4384 1156 4434 loeo
1169 4384 1285 4433 Venetis
1303 4382 1404 4433 toedam

151 4469 390 4536 mubnopoieos
413 4469 596 4535 proditionem
619 4469 809 4534 exprobravit,
840 4478 870 4520 ut
893 4471 967 4519 infru
990 4469 1122 4533 legemur.
1192 4466 1224 4499 ²²¹
1251 4468 1405 4518 Ferebatur

151 4570 177 4607 ιο
193 4555 264 4605 duos
282 4554 311 4605 in
329 4552 504 4605 Cbrisiienon
522 4553 675 4604 ferimimen
693 4555 828 4604 ‹irneones
845 4555 962 4603 'l'ureom
983 4568 1044 4603 esse
1063 4570 1097 4603 uc
1115 4553 1260 4603 Venetum.
1307 4551 1340 4584 ²³¹
1360 4568 1406 4603 vo·

165 4610 334 4703 &ubsolam
385 4634 419 4668 ¹³³
437 4634 522 4703 horti]
541 4638 640 4688 Tureae
659 4639 809 4703 inprimis.
857 4635 922 4703 treis]
941 4637 1138 4689 bluxiuriliaue.
1185 4636 1251 4680 ’Μ’
1267 4638 1406 4704 Cl.nupru

152 4718 251 4789 atq.
302 4718 337 4753 ¹⁴⁹
355 4735 529 4773 erumnosum
546 4723 605 4772 edd.
