3270 5354
170 361 242 433 334
407 390 529 426 uvrrsnr
542 389 710 426 osnnsnrsrt
723 389 837 426 nosnvu
851 390 1049 426 urornsnusss
1063 389 1217 427 rrnorcrrr.

333 567 358 604 uo
372 544 536 616 Miscuerit,
561 545 746 624 tractumque
770 544 859 615 dolis,
883 563 942 605 uon
965 545 1089 615 viribus,
1112 545 1245 613 hostem:

371 647 430 708 Ter
453 649 601 726 victasque
624 649 702 708 acies
725 646 811 707 ltolns
833 647 974 726 orbisque
997 654 1128 708 retusum

371 749 486 827 Ingenti
508 756 624 810 terrore
647 757 735 828 caput
755 748 939 826 Romamque
960 750 1111 811 timentem

372 850 566 929 Fornlenrquc
589 851 671 912 urbis
694 851 857 929 planctum,
881 870 947 930 qun
969 858 1065 912 castro
1089 851 1228 912 cohortes

372 952 464 1014 Sihni
485 952 636 1023 dederim,
661 971 735 1032 quas
757 953 854 1040 Caepio
876 955 1003 1013 senserit
1024 956 1097 1023 ires,

334 1075 359 1114 ss
374 1055 470 1132 thue
492 1054 561 1133 lugo
583 1056 663 1134 turpi
685 1056 794 1134 patrius
816 1056 985 1133 repetiverit
1007 1073 1093 1116 eroes

371 1155 512 1225 Manlius,
535 1157 641 1216 ottritae
664 1175 729 1236 quse
751 1156 918 1236 desperatio
941 1156 1057 1225 Romen

372 1258 464 1330 Quale
487 1258 606 1318 Dionaeo
628 1259 795 1319 coniectum
819 1278 835 1319 n
859 1259 975 1319 Caesnre
996 1257 1121 1328 bellurn,

373 1360 444 1432 Ques
466 1360 511 1419 vix
534 1360 603 1421 dum
627 1362 679 1421 risi
702 1362 790 1421 luerit
814 1362 933 1421 victorie
956 1360 1052 1421 Rheni

372 1462 558 1542 Mentiturque
581 1462 656 1540 iugae
679 1469 709 1523 et
731 1464 818 1543 coepti
840 1462 941 1524 soletis
964 1464 1078 1541 pontis;

335 1669 359 1707 so
374 1652 526 1727 Miscuerit,
550 1654 665 1709 lracturn
687 1652 774 1715 dolis,
798 1671 852 1710 non
876 1652 992 1714 viribus.
1016 1653 1138 1716 hostem

372 1738 424 1794 Ter
445 1738 584 1812 victasque
606 1738 677 1794 acies
699 1739 779 1794 italus
802 1737 935 1812 Orbisque
958 1748 1079 1794 retusum

372 1823 477 1896 {rigenti
500 1832 607 1879 terrore
629 1831 710 1897 caput
733 1824 897 1897 Romamque
921 1823 1073 1884 timentem,

371 1906 548 1980 Rerelornquc
570 1907 646 1963 urhis
669 1906 821 1982 planctum,
843 1923 923 1980 quem
944 1917 1033 1963 castra
1055 1908 1185 1963 cohortes

371 1991 471 2067 Syllani
494 1993 632 2055 dederint,
656 2010 723 2065 quas
745 1992 828 2066 Cepio
851 1994 968 2049 senserit
990 1990 1057 2054 irus,

335 2093 359 2132 ns
375 2076 463 2152 thue
486 2079 549 2151 luga
573 2079 646 2152 turpi
668 2078 771 2152 patrios
794 2077 953 2152 repetiverit
974 2094 1050 2134 orces

372 2161 499 2222 dioniius.
523 2162 625 2220 uttriue
647 2180 708 2237 quse
731 2163 885 2237 desperetio
907 2163 1013 2226 Romus:

372 2248 408 2302 Iit
426 2265 507 2320 quom
530 2249 675 2303 ridiculum
698 2248 851 2304 conlectum
874 2265 889 2303 a
912 2247 1016 2303 Cessare
1039 2245 1152 2308 bellurn.

372 2329 436 2398 Ques
459 2333 500 2387 vix
522 2332 585 2388 dum
607 2332 657 2388 visi
681 2332 763 2388 luerit
784 2332 896 2388 victorin
919 2332 1018 2392 Rheni.

371 2417 544 2490 lientitaeque
567 2418 639 2490 luges
662 2426 690 2474 et
711 2417 793 2491 coepn
817 2415 914 2472 solatia
937 2416 1045 2491 pontis;

168 2583 313 2649 precibus,
335 2583 417 2632 nrmis
435 2587 530 2648 petere
544 2582 721 2634 constituunt.
749 2582 798 2632 sed
810 2598 862 2632 nec
880 2583 995 2647 primum
1014 2581 1123 2647 quidem
1142 2582 1265 2648 inpetum
1284 2582 1451 2634 bnrbsrornn

169 2668 292 2730 Silanus,
317 2683 368 2718 nec
386 2668 535 2718 secundum
553 2666 687 2728 Manlius,
711 2682 762 2717 nec
782 2668 894 2716 tertium
914 2666 1009 2732 Cuspio
1027 2667 1165 2717 sustinere
1183 2671 1346 2733 potnerunt:
1371 2675 1452 2719 sctum

168 2759 229 2804 eret
246 2754 299 2803 nisi
312 2752 417 2803 Murius
437 2751 484 2802 ille
503 2751 605 2802 saeculo
624 2751 789 2816 contigisset
854 2751 966 2802 berbnri
984 2787 1001 2803 ..
1021 2765 1161 2802 recessere
1179 2752 1266 2817 igitur
1283 2753 1453 2820 increpantes

168 2845 197 2888 et
215 2838 305 2902 (tanto
324 2842 385 2887 erat
403 2837 547 2902 capiendis
559 2837 643 2887 Urbis
661 2835 774 2899 fiducie)
794 2836 971 2887 consulentes
988 2836 1079 2901 siquid
1096 2836 1132 2887 sd
1149 2851 1249 2888 uxores
1266 2852 1333 2888 suns
1351 2838 1453 2888 mnndu-

168 2929 237 2973 rent.
268 2939 319 2972 neo
337 2923 451 2988 segnius
470 2936 551 2986 quern
570 2922 668 2971 minuti
687 2921 810 2984 luerunt,
831 2922 969 2987 tripertito
988 2921 1099 2988 sgrnine
1116 2936 1166 2987 per
1183 2921 1268 2988 Alpes
1335 2923 1454 2973 ferebun-

168 3013 220 3057 tur.
255 3008 360 3057 Murius
425 3006 521 3073 praelio
544 3006 688 3072 oppressit.
766 3007 799 3055 In
816 3006 1009 3071 potentissimo
1021 3040 1039 3056 ..
1053 3021 1150 3072 ampo
1174 3021 1339 3057 concurrere
1394 3000 1455 3058 Ist'ic

169 3108 276 3158 quoque
302 3094 452 3158 imperator
474 3090 618 3141 eddiderat
640 3091 737 3141 virtuti
760 3090 865 3152 dolum,
932 3092 1048 3157 primum
1071 3090 1233 3142 nebulosum
1256 3098 1357 3143 unctus
1381 3094 1455 3149 dieto,

167 3183 197 3228 nt
214 3178 287 3228 hosti
306 3176 464 3242 inopinatus
482 3182 651 3239 occurreret,
671 3180 728 3225 tum
747 3180 890 3227 ventosum
910 3191 1029 3241 quoque,
1048 3180 1080 3226 nt
1097 3175 1187 3242 pulvis
1204 3177 1234 3227 in
1251 3177 1349 3228 oculos
1367 3183 1396 3229 et
1413 3193 1456 3228 ors

169 3263 298 3324 ferretur,
323 3269 380 3311 tum
405 3262 467 3312 scis
487 3276 622 3311 conversa
640 3261 669 3310 in
691 3261 836 3321 orientem,
862 3266 921 3310 nt..
937 3277 970 3311 er
988 3260 1133 3326 splendore
1153 3260 1297 3327 galearum
1316 3278 1351 3313 nc
1368 3279 1455 3329 reper-

166 3362 249 3396 cussu
272 3351 351 3411 qussi
377 3346 473 3396 erdere
498 3345 596 3397 coelum
620 3345 767 3395 rideretur.
803 3346 861 3396 Neo
887 3347 975 3395 minor
1001 3360 1062 3396 cum
1088 3345 1219 3396 uxoribus
1247 3362 1342 3398 eorum
1368 3362 1457 3414 pugno

167 3447 248 3496 quem
266 3446 328 3481 cnm
346 3433 415 3496 ipsis
433 3431 499 3493 fnit,
525 3444 586 3480 cnm
609 3431 728 3481 obiectis
745 3430 865 3495 undique
884 3430 1017 3496 plaustris
1035 3437 1118 3496 utque
1137 3432 1279 3496 carpentis
1298 3431 1365 3482 sltoe
1383 3432 1458 3483 desn-

166 3533 216 3582 per
233 3518 313 3581 qussi
332 3531 346 3565 e
366 3516 486 3566 turribus
503 3514 612 3565 lanceis
631 3516 773 3580 contisque
792 3519 955 3580 pugnarent.
992 3516 1106 3582 perinde
1124 3516 1253 3582 specioso
1275 3532 1349 3568 mors
1367 3532 1457 3568 sumtu

166 3601 219 3650 luit
237 3615 318 3665 quarn
338 3615 430 3667 pugne
447 3603 508 3652 ....”
527 3599 571 3652 Cf.
584 3600 640 3650 Lio.
655 3601 722 3665 opit.
736 3599 777 3650 65.
791 3598 833 3650 67.
848 3599 921 3651 Oros.
935 3600 1001 3651 hist.
1016 3600 1048 3652 V.
1064 3599 1104 3652 16.
1165 3598 1242 3643 ⁵²⁸*
1262 3600 1307 3652 (li.
1321 3603 1457 3669 Panegyr·

86 3711 89 3716 ,
165 3686 194 3734 in
212 3684 320 3734 Alberti
340 3692 447 3752 except.
461 3683 777 3750 Mogont.v.721...785.
846 3682 869 3716 ⁶⁴
887 3683 987 3750 Silani]
1008 3684 1115 3750 Syllsni
1132 3686 1288 3742 amand
1307 3693 1405 3753 aperte
1424 3687 1459 3735 ΙΙ.

165 3770 258 3819 Iunius
272 3769 383 3819 Silenus
396 3784 452 3820 cos.
467 3784 493 3819 ιι.
506 3784 531 3818 ιι.
545 3767 605 3821 645.
619 3768 823 3834 intellegendus
837 3773 889 3819 est.
935 3768 1031 3836 Coepio
1041 3773 1066 3821 2.
1085 3772 1206 3834 Quintus
1218 3770 1355 3823 Servilius
1367 3771 1457 3837 Cuspio

165 3870 220 3905 cos.
241 3869 305 3904 mu.
319 3853 378 3903 dlii.
392 3855 421 3903 in
443 3853 640 3920 proconsulatu
662 3853 762 3904 victus.
832 3851 898 3885 Μ
923 3854 973 3904 Gn.
992 3855 1114 3907 Manlius
1136 3856 1287 3919 Maximus,
1312 3872 1370 3907 cos.
1390 3873 1414 3906 ιι.
1433 3871 1456 3904 ιι.

164 3938 223 3989 649.
294 3939 404 3990 Dionoei
423 3937 505 4005 Cres]
528 3941 607 4004 Verp.
621 3937 672 3988 ccl.
687 3939 733 3988 IX.
747 3939 789 3988 47.
802 3939 820 3988 i.
836 3955 860 3989 e.
874 3940 909 3990 ob
928 3941 1024 3991 Aenon
1042 3941 1160 3992 Veneris
1182 3941 1239 3991 filio
1257 3942 1394 4008 originem
1411 3941 1456 3990 du-

164 4028 263 4078 centis,
320 4022 387 4055 Μ
406 4025 474 4075 Haec
494 4040 600 4091 quoque
620 4024 655 4073 nd
673 4028 799 4088 quartum
818 4023 885 4074 belli
905 4024 1008 4074 Gallici
1027 4040 1128 4076 sunum
1146 4025 1183 4088 (u.
1196 4024 1269 4089 699.)
1288 4026 1456 4092 pertinentis

165 4126 198 4160 ex
216 4109 298 4160 Floro
317 4107 379 4173 (ΙΙΙ.
395 4109 447 4172 16.)
467 4109 655 4175 explicentur:
680 4145 720 4169 „..
735 4107 830 4159 Coesnr
853 4109 927 4159 ultro
945 4108 1080 4160 Mosulsm
1103 4109 1198 4162 noveii
1216 4115 1302 4178 ponte
1321 4117 1457 4176 transgre-

163 4194 238 4244 ditur
255 4196 397 4261 ipsumque
417 4194 557 4256 Rhenum,
583 4197 611 4243 et
628 4193 779 4257 Hercyniis
801 4194 907 4244 hostem
927 4195 1026 4259 quaerit
1044 4196 1072 4245 in
1090 4195 1185 4259 silvis,
1209 4195 1306 4246 sedin
1325 4195 1413 4246 ssltns
1431 4198 1456 4243 et

164 4279 280 4344 paludes
303 4294 390 4345 genus
414 4273 493 4329 omne
517 4278 678 4343 diffugeret:
702 4281 808 4326 tontum
831 4279 943 4343 pavoris
961 4280 1079 4330 incussit
1097 4281 1171 4330 intra
1188 4281 1280 4346 ripum
1298 4281 1390 4332 subito
1407 4280 1455 4329 Ro

164 4379 247 4415 monn
264 4365 381 4415 vis.nec
399 4362 485 4414 semel
503 4362 614 4413 Rhenus
637 4366 665 4412 et
687 4361 784 4411 iterum
810 4377 916 4428 quoque
940 4369 968 4414 st
991 4364 1100 4429 quidem
1124 4370 1207 4431 ponte
1230 4367 1309 4416 fonto
1332 4370 1454 4432 penetro·

163 4455 208 4498 tus
226 4453 277 4499 est.
313 4449 362 4499 sed
379 4449 468 4500 mnior
485 4447 629 4512 eliquanto
647 4445 805 4512 trepidatio,
825 4447 926 4513 qnippe
939 4463 1000 4498 cum
1014 4448 1137 4499 Rhenum
1149 4450 1192 4500 sic
1204 4455 1290 4515 ponto
1303 4451 1383 4514 qussi
1396 4451 1454 4514 iugo

164 4538 276 4599 coptum
293 4534 435 4594 riderent,
459 4533 528 4598 fugo
545 4546 637 4583 rursus
656 4532 684 4581 in
701 4530 788 4582 silvas
807 4546 839 4581 sc
858 4531 987 4596 paludes,
1012 4537 1053 4596 et,
1078 4533 1149 4600 quod
1169 4535 1381 4585 acerbissimum
1399 4533 1453 4583 Cre»

163 4619 220 4667 seri
239 4618 305 4680 snit,
325 4633 379 4668 non
399 4618 474 4667 iissre
494 4618 540 4682 qni
559 4617 761 4668 vincerentur.''
780 4616 823 4666 cf.
837 4614 909 4669 Suet.
923 4615 994 4668 Cres.
1008 4617 1049 4667 26.
1063 4627 1112 4671 etc·

231 4734 253 4769 ω
270 4735 341 4787 dolis
359 4740 384 4787 1.
397 4735 428 4800 (-
439 4736 470 4798 -)
483 4736 531 4784 sed
548 4738 717 4787 ed.11.recte
735 4736 807 4788 dolis
826 4737 892 4800 (w)
944 4735 967 4768 ³⁸
985 4736 1107 4801 dederit,
1128 4741 1151 4790 1.
