3270 5354
359 416 483 455 ΙΙῚΠΙΙῘ
495 418 533 453 ΑΒ
545 417 680 453 ΟΙΒΔΙΒΙ
695 416 906 452 ΙΔΧΙΙΙΜΔΙῩΙ
919 416 1143 452 ΕΡΙῦΒΔΙίΙίΑΊὟΜ
1156 417 1250 453 ΗΠΒ.
1377 386 1418 458 21
1431 386 1452 459 3

361 572 462 635 ‘Maior
484 571 577 633 Roma
599 572 654 633 fuit
675 588 841 650 nunquam,
865 571 1046 632 contendere
1067 573 1193 650 possim,

445 674 483 736 Si·
498 674 565 754 quis
586 673 623 735 ad
645 671 722 733 haue
744 681 857 735 veteres
880 674 966 734 ducat
990 671 1185 753 olympiadas:

360 775 446 838 Nune
467 777 578 836 nostris
599 773 745 836 trahimur
767 777 842 836 vitiis
864 775 1008 854 nobisque
1032 777 1177 853 perimus,

334 898 348 939 a
445 875 527 948 Quos
548 884 579 938 tu
602 895 690 956 quam
713 875 831 946 malles,
855 877 927 946 heu,
952 885 1000 937 tua
1023 878 1100 938 iussa
1122 878 1216 955 sequi.

359 979 447 1041 Verte
467 980 614 1048 animum,
638 978 750 1038 Cesar!
773 996 832 1038 non
855 985 885 1038 te
907 979 1067 1057 mitemque
1090 978 1277 1058 bonumque,

444 1078 509 1143 Non
532 1087 562 1141 te
584 1079 760 1141 elementem
783 1086 917 1159 tempora
940 1076 1039 1140 ndstra
1064 1079 1174 1141 volunt.

298 1220 342 1323 li.
502 1266 553 1317 DE
572 1265 615 1317 SE
633 1266 672 1316 IN
690 1264 889 1317 OBSIDIONE
909 1266 1102 1316 PATAVINA.

360 1384 502 1447 Erraram
522 1403 539 1445 a
562 1386 668 1445 castris
690 1384 726 1444 ad
750 1383 879 1445 clausam
905 1387 1062 1446 Antenoris
1084 1385 1205 1453 urbem;

445 1484 592 1547 Continuo
614 1486 731 1547 darnma
753 1486 973 1566 missilibusque
995 1495 1096 1567 petor:

362 1586 450 1651 Certo
470 1588 625 1666 equidem,
649 1587 757 1657 fateor,
780 1590 880 1658 timui,
905 1607 959 1648 nec
983 1598 1014 1648 ut
1035 1596 1102 1649 aute
1126 1587 1278 1650 monebam

335 1707 349 1749 a
446 1688 587 1751 Invidiam
610 1688 724 1766 lingua,
748 1689 800 1749 sed
822 1688 900 1750 bona
923 1688 1011 1750 verba
1035 1691 1115 1759 dedi,

363 1790 508 1860 ‘Par-site,
531 1792 582 1868 qui
604 1792 702 1851 Patavi
725 1809 828 1851 muros
850 1774 1008 1870 arcemque
1031 1793 1150 1861 tenetis,

448 1890 496 1952 ‘ln
518 1910 565 1953 me
588 1889 720 1955 ruiniflra
745 1894 860 1952 mittere
882 1891 938 1952 teia
961 1910 1064 1960 manu:

363 1992 494 2055 ‘Parcite
516 2013 579 2064 me,
603 1993 719 2063 Veneti,
744 1994 824 2055 ierro
848 1994 1020 2073 disperdere
1043 2002 1071 2055 et
1094 1995 1169 2073 igni,

336 2080 349 2156 s
449 2094 508 2156 ‘Ne
530 2094 567 2155 de
589 2102 631 2154 tot
653 2113 772 2173 pessum
795 2096 914 2157 milibus
938 2114 1014 2157 unns
1035 2116 1116 2158 earn:

364 2196 445 2258 ‘Non
468 2214 502 2257 ea
525 2197 642 2258 iortuua
666 2205 726 2265 ost.
750 2204 782 2257 ut
804 2216 883 2259 nune
907 2218 960 2277 ego
985 2200 1069 2277 rique
1092 2216 1240 2277 manuque

448 2297 589 2359 ‘Horrida
612 2300 752 2359 commoti
775 2299 897 2361 Caesaris
919 2291 1000 2360 arnia
1023 2319 1144 2379 serprar,

364 2398 446 2461 ‘flue
467 2390 521 2460 me'
537 2397 599 2459 sola
623 2400 712 2460 trahit
735 2402 825 2460 vestri
846 2402 1000 2461 admiratio
1023 2404 1122 2478 regni,

326 2518 351 2561 ra
449 2500 595 2562 ‘Noseere
618 2520 669 2563 vos
692 2503 795 2581 cupio,
819 2502 945 2581 perdere
967 2520 1026 2563 non
1050 2504 1153 2582 cupio;

363 2600 415 2664 ‘Ut
436 2602 565 2672 rideam,
588 2605 669 2672 reni,
692 2621 751 2663 non
776 2605 840 2664 veni
864 2610 996 2664 avortere
1018 2602 1097 2664 bello

448 2704 552 2767 ‘attint
573 2704 658 2766 sedes
681 2704 893 2784 Euganeasque
915 2705 1027 2766 donros.

364 2806 461 2870 ‘Alter
482 2806 520 2868 ab
542 2816 643 2868 arctoa
665 2805 747 2867 robis
770 2807 853 2868 iuror
876 2807 1009 2868 imminet
1031 2807 1117 2887 Alpe,

327 2926 351 2967 rs
450 2910 646 2989 ‘Germanum
669 2910 798 2989 peditem
822 2910 902 2969 ducit
923 2909 1028 2969 iturus
1051 2927 1155 2988 eques:

365 3009 440 3071 'ilas
461 3011 539 3071 ruite
562 3011 591 3069 in
616 3012 707 3070 vires:
731 3027 799 3070 narn
823 3029 888 3089 quae
911 3021 971 3071 tum
994 3010 1086 3089 gioria
1110 3017 1194 3088 parta
1217 3016 1261 3071 est

448 3112 495 3171 ‘Si
517 3110 554 3171 de
576 3117 620 3171 tot
641 3128 760 3189 pessum
783 3111 900 3173 milibus
923 3132 999 3172 urrrrs
1022 3112 1114 3171 earni’

321 3274 326 3283 ,
364 3211 458 3274 Nullas
479 3211 595 3273 hostem
618 3232 738 3274 morere
761 3232 882 3292 preces:
907 3214 977 3273 mitri
999 3220 1082 3291 terga
1103 3212 1221 3291 relapso

324 3330 351 3372 ao
449 3314 514 3376 Heu
537 3332 625 3394 quam
647 3314 758 3375 difficili
781 3315 957 3376 consuluere
980 3316 1058 3392 iuga.

366 3416 418 3479 ‘Ut
439 3433 517 3478 caeso
536 3435 586 3477 me
608 3414 706 3477 nullus
728 3417 825 3477 honor
848 3418 915 3486 init,
939 3417 1017 3479 haud
1041 3419 1080 3477 ita
1104 3416 1185 3477 robis

451 3514 627 3579 ‘Pulchrum
650 3528 764 3579 estnre
786 3517 907 3579 ciendos
929 3520 1073 3597 eripuisse
1096 3518 1185 3597 pedes
1193 3515 1208 3588 ’‚

365 3617 523 3689 dicebam,
547 3626 577 3680 et
598 3621 694 3681 fessus
716 3619 811 3681 media
835 3621 911 3681 inter
935 3619 1013 3681 milia
1035 3639 1125 3682 eursu

325 3738 351 3778 aa
450 3718 544 3781 Tutus
566 3721 595 3780 in
619 3721 725 3782 effosso
748 3720 851 3782 delitui
874 3721 997 3791 tumulo.

301 3916 346 3977 15·
359 3984 363 3995 Ι
375 3924 425 3974 DE
444 3923 676 3974 LEVIVSCVLA
694 3924 847 3986 Qt‘auant
866 3927 889 3974 A
908 3924 1064 3975 VENETIS
1083 3924 1249 3975 acuum

744 4008 875 4059 CLADE.

368 4125 471 4189 Cernis
492 4132 526 4188 ut
547 4127 686 4190 Adriacas
708 4136 845 4191 moveant
867 4147 939 4189 nora
962 4129 1067 4207 gaudia
1090 4128 1200 4197 Ranas,

449 4228 482 4289 lu
506 4247 663 4289 numerum
687 4229 815 4291 Venetus
838 4238 870 4291 ut
892 4228 1032 4308 saliatque
1055 4230 1135 4290 Leo?

165 4398 366 4409 ——u-—n

232 4498 272 4550 id.
303 4499 499 4566 edepigall.
552 4498 626 4550 ‘Gi
640 4500 784 4563 erereiar.
800 4503 821 4551 1.
835 4504 896 4559 23⁵.
911 4515 970 4566 sqq.
1023 4498 1175 4550 ⁸millibus
1193 4503 1266 4551 2...d.
1281 4506 1306 4550 et
1323 4502 1362 4551 sio
1379 4517 1400 4550 rr.
1417 4498 1457 4550 18.

161 4590 188 4635 et
204 4582 295 4635 ntitas
312 4582 392 4637 redd.
447 4582 467 4617 ¹⁴
485 4585 522 4635 ef.
536 4586 570 4636 de
588 4587 691 4652 piscat.
705 4587 803 4636 Vener.
816 4603 841 4634 v.
856 4586 897 4634 dii.
912 4600 951 4650 sq.
1005 4584 1025 4617 ¹⁸
1046 4585 1391 4651 tremaniffiapanieique
1410 4585 1458 4634 mi-

162 4667 228 4721 lites
244 4669 273 4719 in
290 4668 437 4721 obsidione
454 4670 543 4723 iuneti
561 4671 692 4737 agebant.

231 4752 285 4831 la.-
302 4752 312 4788 ¹
330 4754 369 4805 ei.
382 4754 457 4805 tarra
469 4754 593 4808 Marsum
606 4754 731 4806 Hutteni.
