3270 5354
175 345 249 418 378
353 378 476 413 ΙΝΤΤΒΜ
490 379 520 413 lli
534 379 730 413 EXCEPTlONlffl
744 379 929 415 noevurlrtnlt
943 380 1064 416 Annnn'rt
1078 381 1282 420 rnnndrsictm.

378 534 466 602 Varo,
490 535 583 613 sapis,
608 536 742 613 virosque
767 542 830 595 tuas
852 537 921 597 satis
944 554 1009 598 esso
1030 541 1138 615 putasti

376 637 513 696 Arctoam
538 643 640 697 contra
663 638 800 698 virtutem
824 645 852 698 et
875 639 1007 699 Teutone
1031 639 1125 711 helle,

326 760 363 799 roo
379 738 499 798 Auxiliis
521 739 724 817 circumscepta
747 748 776 800 et
797 738 964 816 legionibus
984 740 1055 803 illis:

378 840 454 901 Ecce
476 847 574 900 atatem
598 849 698 919 erepta
722 860 776 920 pro
799 840 934 902 libertate
957 843 1072 904 feroces

377 942 561 1002 Conveniunt
582 942 682 1021 populi
706 944 914 1024 Germanoque
937 946 1056 1023 auspice
1079 947 1172 1009 Bruto

377 1047 465 1106 Arnra
489 1046 603 1114 lerunt:
627 1047 721 1106 rivum
745 1047 908 1107 Arminium
932 1048 1088 1127 vivumque
1110 1057 1232 1128 putaras

376 1146 432 1216 Qui
454 1147 607 1208 llaccdnm
630 1147 717 1207 trahit
741 1166 847 1225 agmen
871 1150 962 1218 Arar,
986 1148 1114 1210 coelostia
1136 1154 1254 1232 siguum
1294 1149 1448 1234 lfflfflss

326 1270 363 1309 raa
379 1249 516 1309 Venturae
538 1250 695 1311 ostendunt
718 1250 820 1320 cecilie,
843 1251 993 1312 Ronlanus
1016 1251 1163 1331 haruspex

376 1351 519 1412 Praovtnet
541 1353 632 1411 iratos
654 1371 781 1431 superos
803 1352 975 1433 clademque
999 1356 1170 1416 minauteis:

377 1454 463 1531 Signa
488 1461 597 1514 canunt
620 1473 784 1533 campoque
807 1455 876 1534 Lyci
898 1458 1086 1517 concurritur
1108 1459 1213 1520 armis:
1240 1455 1445 1544 lffifflf'ffl

375 1557 399 1616 0
422 1557 531 1634 patria,
555 1575 572 1615 o
595 1574 735 1634 magnum
757 1558 859 1618 mundi
882 1557 986 1618 decus!
1009 1560 1105 1620 omnia
1128 1559 1206 1622 helia

376 1659 521 1736 Prospera
544 1658 683 1718 llomanae
705 1659 831 1720 fortunae
853 1678 1015 1739 omnesque
1037 1662 1179 1740 triumphi

324 1781 362 1820 πο
377 1761 443 1821 Νοιι
465 1767 606 1839 poterunt
628 1760 716 1820 huius
738 1763 881 1822 iacturum
904 1781 1023 1841 aequare
1044 1764 1153 1824 ruina:

374 1863 531 1940 Protligata
555 1865 651 1933 acies,
674 1869 717 1922 tot
739 1862 828 1924 millia
852 1883 926 1925 emsa
949 1864 1045 1925 Latini

374 1965 520 2034 Nominis,
544 1971 683 2026 externos
705 1964 792 2043 gladii
815 1985 960 2046 excepere
983 1975 1121 2047 tyrannos

374 2066 529 2129 Vindelici:
554 2074 596 2127 tot
618 2075 717 2128 nostra
740 2069 805 2128 neci
827 2067 908 2128 dedit
929 2067 1001 2129 ultio
1023 2086 1110 2148 reges

375 2170 523 2231 interiisse
545 2168 646 2239 simul,
671 2176 743 2248 quot
764 2188 823 2229 uon
845 2171 928 2248 prior
950 2171 1043 2232 audiit
1064 2179 1143 2232 aetas.

324 2292 361 2332 rra
376 2272 539 2333 indiscreta
561 2271 624 2331 aliis
646 2290 744 2350 pugna
768 2278 826 2340 est,
851 2272 911 2332 dux
934 2274 996 2352 ipsc
1018 2275 1150 2335 minores

375 2374 509 2435 Praeterit
531 2382 560 2433 et
581 2371 652 2434 solis
673 2374 769 2434 audax
792 2393 823 2434 se
846 2374 972 2435 fortibus
993 2376 1083 2436 infert

374 2477 526 2537 Arminius
548 2474 715 2554 gaudetque
738 2495 824 2554 vagas
847 2496 879 2537 so
903 2478 1016 2539 vindice
1038 2478 1134 2540 eudes

374 2578 522 2657 Sanguine
546 2578 717 2639 commixtas
739 2577 826 2648 ltalo,
851 2598 903 2640 sua
925 2579 1019 2642 libera
1041 2597 1133 2658 regna

170 2852 290 2902 hostiurn
308 2853 431 2914 venirat,
456 2851 571 2913 avulsit,
596 2866 740 2914 mersaque
766 2853 837 2901 inter
854 2852 961 2902 balthei
979 2853 1022 2902 aiii
1039 2852 1163 2904 latebras
1181 2869 1282 2920 gerens
1300 2856 1328 2903 in
1347 2855 1442 2904 cruenta

171 2937 272 3003 palude
290 2937 382 2987 latuit.
417 2936 472 2987 hac
490 2936 570 2986 clade
592 2937 710 2999 loetum,
731 2942 761 2985 nt
780 2938 923 3001 imperium
941 2939 1034 2999 Rom,
1054 2939 1125 3003 quod
1143 2939 1172 2989 iu
1191 2938 1273 2990 litore
1291 2939 1387 2990 oceani
1402 2950 1442 2987 non

171 3026 296 3083 steterat,
316 3023 344 3072 in
363 3022 424 3087 ripa
436 3022 526 3072 Rheni
545 3023 664 3071 fluminis
683 3027 780 3071 staret.
816 3027 881 3072 tuno
900 3038 935 3072 ea
953 3023 1019 3073 Vari
1038 3024 1118 3074 clade
1136 3024 1196 3074 sire
1214 3024 1273 3075 Titi
1291 3025 1373 3075 Ennii
1389 3038 1443 3089 prac-

170 3109 239 3158 toris
257 3108 342 3163 caede,
360 3107 471 3171 legione
490 3107 575 3156 etiam
589 3109 697 3158 hlarcia
716 3108 818 3157 amissa
837 3108 938 3158 civitas
956 3113 1050 3158 nostro
1066 3106 1236 3174 [Aspadarp]
1252 3109 1394 3175 plurimum
1409 3122 1444 3156 no·

170 3192 296 3254 bilitata,
321 3194 410 3242 sorum
433 3192 573 3258 publicum
596 3193 668 3259 apud
692 3209 742 3244 nos
760 3192 906 3242 Perlacum
930 3209 947 3242 a
968 3194 1077 3258 perdita
1100 3193 1213 3261 legione
1240 3191 1263 3260 [l
1281 3197 1320 3246 ita
1336 3197 1383 3245 iura
1399 3193 1443 3242 nen

169 3275 292 3344 Frisium]
314 3277 522 3344 cognominant,
543 3278 590 3326 ubi
610 3278 757 3342 aliquando
775 3278 936 3341 inscriptum
957 3278 1008 3327 luit

373 3363 482 3413 Iudicat
500 3363 545 3413 hio
565 3362 644 3413 collis
663 3364 814 3413 Romanam
833 3363 940 3413 nomine
959 3363 1067 3413 cladem

440 3449 543 3499 Martis
562 3463 668 3512 quoqne
686 3448 762 3513 legio
780 3447 861 3497 simul
879 3449 970 3513 periit.

170 3533 334 3599 Ceciditque
353 3550 388 3584 ea
407 3549 499 3599 pugna
517 3549 578 3583 cum
598 3533 724 3597 equitatu
742 3533 925 3584 Macedonico
943 3535 1017 3583 Arar
1036 3533 1149 3584 Graecus
1166 3535 1291 3600 Bogudis
1309 3534 1392 3586 tilius:
1413 3548 1446 3584 rn·

169 3620 248 3669 sticae
268 3634 352 3670 exeo
371 3620 465 3669 domus
484 3634 538 3668 nou
555 3618 637 3683 longo
657 3617 692 3668 ab
711 3618 836 3683 Angusta
855 3618 945 3668 adhuc
963 3618 1167 3669 Chriechaauar
1185 3618 1371 3685 appellantur.

372 3704 435 3752 iliis
453 3719 552 3753 nomon
570 3704 652 3753 terris
669 3702 790 3769 Bogudis
808 3703 856 3753 dat
873 3704 951 3771 regio
969 3703 1061 3768 proles

443 3787 558 3839 Graecus
576 3787 652 3837 Anar
669 3788 784 3853 pecudis
802 3787 835 3838 do
855 3787 953 3839 Suavis
971 3805 1046 3840 mora
1065 3789 1172 3839 litatus.
1207 3796 1257 3840 etc.

168 3874 203 3907 '⁸⁰
215 3874 386 3940 circunsepte
400 3878 422 3923 1.
441 3873 623 3939 circumsepta
636 3875 663 3922 2.
674 3889 730 3940 aqq.
775 3872 809 3904 ⁷⁸⁷
826 3869 906 3938 Lyci]
925 3871 988 3935 decit.
1007 3873 1067 3923 Nisi
1078 3872 1199 3925 vidisses
1209 3874 1365 3926 Huttcnum
1378 3877 1450 3926 etiam

169 3959 319 4009 Varianam
339 3959 445 4009 alodem
465 3958 537 4024 apud
556 3959 708 4023 Angustum
726 3958 933 4009 vindelicorum
951 3958 1083 4009 Romanis
1101 3958 1236 4009 inflictam
1260 3975 1323 4011 asse
1341 3961 1450 4027 opinari,

169 4045 295 4095 conicias
318 4044 437 4095 tortasse
456 4044 538 4107 Lippi
560 4042 622 4108 (pro
641 4044 752 4109 huppla,
771 4041 857 4109 §lippet
876 4042 1051 4094 scribendum
1069 4058 1140 4093 asse.
1189 4044 1306 4106 Quidni
1324 4047 1452 4096 Huttanus

169 4130 204 4180 ab
218 4129 312 4179 Aenea
325 4128 419 4193 Sylrio
431 4128 572 4191 (German.
587 4146 610 4178 c.
623 4128 676 4192 35.)
694 4129 846 4195 Mogontiae
865 4132 913 4179 aut
931 4143 992 4178 oum
1011 4128 1075 4179 aliis
1090 4128 1278 4180 Franoolurto
1294 4130 1331 4180 ad
1342 4131 1452 4181 ditonum

168 4213 286 4281 gloriam
309 4214 492 4264 extinctarum
514 4212 655 4278 legionum
673 4214 759 4264 tribui
777 4213 1038 4265 animadvertisset?
1061 4213 1230 4264 commodius
1249 4221 1327 4265 certe
1347 4214 1452 4266 carmini

167 4298 236 4350 illud
255 4299 361 4352 luisset.
396 4299 428 4350 lu
446 4299 569 4350 Arminio
582 4298 693 4365 dialogo
706 4315 826 4349 errorem
839 4299 965 4365 quamvis
976 4315 1031 4350 non
1044 4300 1182 4364 expressis
1195 4299 1290 4351 vorbis
1303 4300 1451 4355 correxerit

167 4388 262 4435 tumen
285 4399 340 4435 non
362 4384 477 4450 repetiit
499 4384 652 4435 Huttenus:
676 4399 737 4434 eum
762 4399 823 4433 eum
846 4384 987 4451 dialogum
1010 4385 1160 4447 scriberet,
1183 4384 1335 4436 Annalium
1358 4386 1451 4452 priores

166 4468 254 4519 libros
271 4468 393 4535 legerat,
414 4469 461 4536 qui
477 4469 596 4520 nondum
614 4469 752 4534 publicati
770 4474 850 4520 eraut
863 4469 1011 4533 (beneflcio
1024 4469 1091 4521 furti
1102 4468 1325 4521 Arcimboldiani
1338 4469 1450 4521 Corbsiae

167 4553 318 4618 commissi)
342 4560 466 4619 tempora
483 4555 565 4605 huius
583 4555 748 4621 panegyrici
766 4555 912 4620 conpositi.
959 4555 1041 4619 lude,
1061 4570 1123 4606 oum
1140 4555 1231 4621 prima
1250 4555 1339 4607 editio
1356 4556 1388 4606 de
1405 4567 1449 4603 non

168 4636 302 4703 degeneri
318 4642 395 4690 statu
413 4639 610 4691 Germanorum
629 4655 742 4691 carmen
759 4655 785 4692 r.
798 4638 840 4690 ot,
859 4656 966 4707 „prope
984 4657 1049 4693 rura
1066 4641 1148 4692 Liar‘
1165 4640 1321 4692 Arminium
1338 4653 1448 4708 pugnare

168 4718 300 4787 isnlust,
318 4722 405 4777 aditio
421 4725 460 4777 ΙΙ.
479 4740 504 4777 r.
517 4722 560 4776 60.
572 4724 659 4776 habet
677 4740 781 4791 „propa
799 4740 864 4776 rura
876 4724 1028 4792 Visurgis'’.
1080 4723 1114 4759 π’
1133 4741 1279 4792 oxcoepcro
1292 4729 1352 4777 1.2.
