3270 5354
137 388 279 427 ,ΙΠΙΙΙΙΠ
291 391 396 427 Rimul
410 391 572 428 rutvttrnvs
585 392 723 428 DOGTOBIB
738 392 880 429 srvcuutn
895 392 1307 430 s.10A.csrrt10u1srrtcou10n.
1328 366 1401 436 417

312 546 375 609 Ulla
399 549 457 615 rei,
479 547 668 625 studiumque
691 565 768 607 vinus
791 549 846 608 sibi
869 548 1004 608 vendicet
1025 566 1129 608 omne:

273 670 298 708 ro
315 648 396 709 Unus
418 650 497 709 euim
519 648 620 710 decori
644 656 697 710 est.
722 650 834 719 Quodsi
857 667 985 728 uuquam
1009 652 1114 710 rivmoia
1139 660 1239 730 posset

311 748 461 812 ilelvetius
483 749 584 811 delere
606 752 690 812 luror
713 749 873 830 populique
896 751 1033 811 bibentes

312 853 442 929 Exiguos
463 851 560 914 Rheni
582 853 688 914 lomois
711 863 740 911 et
761 852 850 913 sortis
871 854 981 930 iniqure

311 955 354 1016 'l'e
376 962 547 1034 premerent
569 973 669 1023 casm,
694 962 816 1015 ruerent
838 961 996 1034 turresque
1020 954 1200 1033 domosque,

313 1055 472 1119 decideret
494 1057 635 1136 populos,
659 1055 722 1116 s'olo
745 1057 802 1116 hoo
826 1065 877 1116 tuo
899 1064 993 1116 staret
1014 1055 1132 1117 altunuo

276 1178 300 1218 rs
316 1157 404 1219 Fama
428 1176 534 1236 super,
557 1159 726 1237 scirentque
750 1167 832 1220 tuum
855 1159 999 1219 venientia
1022 1176 1131 1218 nomen

311 1258 427 1321 Secuta.
451 1261 537 1339 quid,
562 1262 653 1327 eires,
678 1261 827 1321 fortunam
849 1269 900 1320 aut
921 1279 1003 1320 arma
1026 1262 1152 1321 timetis?

311 1360 473 1424 Iandudum
498 1372 541 1424 est
563 1362 672 1442 aliquid
696 1381 781 1423 muro
805 1363 931 1423 vivacius
954 1363 1023 1430 isto,
1265 1363 1403 1446 Jssfflffiqm

311 1462 457 1524 Turribus
479 1482 514 1525 sc
536 1464 653 1543 templis
675 1467 737 1525 istis
760 1467 902 1544 tectisque
926 1464 1097 1524 domorum:

313 1565 434 1626 Munera
458 1583 525 1643 quae
546 1576 642 1628 vester
665 1568 748 1627 vobis
772 1566 895 1645 largitur
917 1566 1069 1627 alvvunms:

274 1686 300 1725 ao
315 1666 415 1728 invitis
435 1669 572 1746 equidem
596 1671 721 1730 i'ortunae
744 1668 881 1729 osoribus
904 1666 1008 1747 amplre

312 1768 348 1829 Et
371 1769 478 1848 quibus
500 1772 530 1831 iu
553 1778 619 1831 roto
642 1781 686 1832 est
708 1772 815 1831 lamam
839 1769 976 1830 allatrare
1000 1769 1165 1839 lrooorum,

313 1870 415 1942 Qualis
437 1880 501 1933 erat
522 1880 578 1933 stat
600 1872 696 1933 adime
718 1872 866 1950 stabitque
889 1870 1060 1931 cadentibus
1083 1873 1145 1931 istis

313 1973 520 2053 Contemptum
544 1976 573 2034 iu
596 1976 742 2035 cinerem:
766 1992 893 2052 namque
916 1972 971 2033 liae
993 1990 1136 2050 oonrpage
1159 1972 1254 2034 soluta

313 2074 453 2154 Corporis
475 2073 525 2136 ille
547 2082 644 2137 tanton
668 2079 756 2145 rivet,
780 2093 860 2135 iviors
881 2076 954 2134 iuris
976 2073 1097 2134 lislvelrit

275 2196 301 2236 es
316 2176 349 2237 lu
371 2175 521 2256 Capniona
543 2177 631 2237 nihil:
656 2180 712 2239 iam
736 2179 844 2238 vortice
866 2177 971 2257 sydera
995 2178 1100 2254 tangit,

314 2278 373 2339 iam
396 2278 512 2340 divinus
535 2279 625 2340 homo
648 2278 725 2339 violat
748 2286 776 2339 et
798 2277 932 2339 mortalia
955 2282 1060 2338 temnit

315 2379 481 2460 invidiaque
503 2400 556 2441 sua
579 2383 672 2442 maior
695 2400 750 2442 nee
765 2383 892 2459 tangitm·
915 2380 965 2441 ulli

314 2480 376 2543 Nee
397 2490 482 2543 curet
504 2502 681 2563 quenquam.
703 2485 810 2544 merito
833 2491 880 2552 tu,
905 2484 1013 2561 patris,
1037 2484 1133 2559 garrule

313 2582 391 2644 leta
414 2591 477 2646 tuo:
501 2586 579 2664 «quod
603 2564 681 2647 enim
705 2586 845 2664 genuisti,
869 2584 932 2644 hoec
955 2583 1002 2645 ilie
1024 2587 1159 2662 rependit

276 2704 302 2743 so
317 2685 457 2756 Praemia,
481 2693 513 2747 ut
535 2689 563 2747 in
586 2706 670 2748 seros
693 2695 810 2749 maneat
833 2686 884 2747 tihi
907 2688 982 2747 lama
1006 2696 1138 2765 nepotes.

314 2788 372 2847 Vos
394 2789 482 2849 etiam
506 2796 573 2849 ante
596 2789 667 2850 alios
690 2797 800 2851 eertste
823 2798 851 2848 et
875 2790 994 2857 vinoite,
1019 2789 1110 2850 cives:

314 2890 416 2951 Vester
438 2889 485 2951 hic
508 2898 552 2950 est
574 2899 604 2952 et
626 2899 657 2952 ut
679 2901 723 2950 est
744 2892 852 2970 passim
875 2892 983 2951 iactare
1005 2890 1117 2958 licebit;

315 2992 398 3062 Quod
422 2993 500 3052 loret
522 2992 609 3054 exitio
633 2992 734 3072 popuii
758 3001 915 3071 vestroque
937 2991 1101 3069 parandum

314 3093 478 3172 Sanguine,
503 3093 654 3156 desidibus
676 3094 759 3155 vobis
782 3104 812 3155 et
833 3113 906 3173 paro
928 3093 1031 3155 solutis

275 3212 300 3255 ss
316 3194 366 3257 lile
389 3196 466 3257 dedit
491 3198 666 3276 peperitque
688 3215 742 3257 suo
766 3197 938 3257 discrimine
962 3196 1068 3255 lamam

316 3296 448 3359 Nominis
470 3301 572 3359 eterni
595 3317 719 3377 qumque
742 3317 829 3359 omno
852 3299 982 3377 supersit
1003 3299 1033 3357 io
1056 3315 1159 3357 sevum.

377 3400 458 3461 Dicat
480 3400 527 3469 lo,
551 3402 576 3460 si
597 3419 629 3459 se
652 3402 732 3461 novit
754 3401 926 3465 Germania,
951 3400 1029 3459 dieat

315 3500 539 3581 Ingeminetqoe
562 3504 685 3572 iterum;
709 3502 755 3563 bis
778 3502 808 3562 lo
832 3503 957 3562 Victoria
982 3501 1088 3562 clamat

316 3602 352 3663 Et
374 3621 476 3664 seeum
498 3603 625 3664 clamare
649 3604 730 3665 iulret
752 3605 901 3682 Capuioue
923 3610 1053 3681 recepto.

276 3724 302 3763 ro
316 3703 396 3773 liue,
414 3707 547 3774 iuvenes,
565 3706 623 3766 lum
639 3708 691 3770 ite.
709 3725 809 3774 senes,
828 3705 975 3767 celebrate
992 3705 1190 3784 triurnpiurm.
1248 3705 1405 3785 Ηξῖξὶζξὶζρζ,

316 3805 415 3867 Turba
439 3815 505 3867 ruat
527 3815 715 3886 matrumque
741 3810 897 3887 virumque
920 3816 950 3869 et
971 3807 1036 3867 iota
1060 3806 1166 3884 puellm

316 3910 457 3986 Agmina,
482 3911 591 3987 compti
613 3927 717 3969 orituros
740 3917 769 3969 et
792 3910 872 3970 lestis
895 3909 1031 3970 cautibus
1054 3928 1158 3968 omnes

317 4009 402 4070 Serta
424 4018 543 4088 gerant,
567 4010 717 4089 doresque
741 4013 793 4071 viis
816 4020 844 4071 et
867 4010 973 4071 olentia
996 4020 1137 4089 spargant

316 4111 474 4180 Gramina,
497 4112 567 4172 deut
589 4112 710 4173 frondes
733 4121 761 4173 et
783 4113 896 4192 primos
919 4115 994 4173 veris
1017 4112 1162 4181 honores,

137 4248 319 4258 a—--.-.

180 4316 233 4366 tibi
253 4319 275 4365 1.
284 4319 389 4366 3...5.7.
448 4313 469 4347 ¹⁰
487 4313 561 4385 uunq
578 4319 603 4366 2.
622 4331 759 4380 neutiquam
778 4321 801 4364 6,
856 4312 970 4380 Quodsi]
993 4316 1046 4365 llos
1065 4331 1125 4379 qum
1144 4317 1204 4364 lieri
1223 4315 1335 4379 possint,
1355 4332 1410 4367 non

137 4415 174 4451 uo
197 4400 283 4450 laetae
307 4406 415 4462 esseut,
446 4404 510 4450 sunt
533 4400 575 4450 hae
599 4399 768 4451 I‘lorzhemii
786 4416 835 4464 por
852 4399 997 4449 Helvetios
1022 4400 1189 4450 eversiones.
1230 4401 1360 4451 incidunt
1380 4402 1410 4452 hi

137 4500 209 4536 mus
227 4485 256 4535 in
274 4490 400 4551 tempore
422 4483 511 4534 Ulriei
529 4484 607 4535 (lineis
624 4485 878 4547 Wirteubergeusis
897 4498 958 4532 cum
978 4485 1116 4534 Helvetiis
1135 4484 1239 4535 loedere
1258 4486 1408 4536 coniuncti.

152 4569 314 4621 Iamdudum
335 4573 406 4622 3...7.
464 4568 486 4601 ²³
504 4569 596 4633 Nenqa
615 4572 638 4618 1.
656 4569 772 4632 Nanue
791 4572 815 4616 5.
875 4567 964 4618 soluto
983 4571 1008 4618 4.
1028 4567 1125 4618 solutae
1145 4574 1168 4618 7.
1231 4567 1253 4600 ²⁵
1271 4569 1365 4619 sidere
1384 4574 1410 4620 3.

137 4658 171 4706 ,7.
189 4655 318 4706 ‘Sublimi
338 4653 438 4703 leriam
456 4653 549 4704 sidere
567 4655 692 4705 vertiee'.
707 4654 803 4702 Ilorot.
818 4653 861 4702 orl
875 4653 896 4701 1.
913 4652 934 4703 l.
948 4654 967 4702 i.
981 4653 999 4702 f.
1053 4651 1075 4683 ⁴⁰
1095 4654 1195 4703 Lemnio
1208 4656 1244 4704 od
1254 4671 1334 4720 mrrrp.
1347 4661 1373 4704 ot
1385 4662 1410 4704 et

137 4760 139 4771 ·
155 4754 213 4806 sqq.
226 4743 351 4804 conplura
368 4756 415 4788 orn.
430 4741 455 4789 3.

173 4824 306 4876 Hormi
319 4823 388 4874 Ore.
402 4838 466 4875 vor..
480 4823 529 4874 ΠΙ.
1148 4824 1188 4888 27
