3270 5354
313 376 436 412 nvrrmn
450 376 479 411 ru
493 374 608 413 ronunts
621 377 657 411 ne
671 376 782 412 nvnreu
795 376 951 412 mrnnrrvu
965 377 1150 414 oeruoenrro.
1305 351 1378 421 407

288 530 321 591 ln
343 529 441 593 medio
464 531 605 608 raperes?
627 536 738 590 utnon
760 536 858 591 tamen
882 528 930 591 ille
952 531 1089 601 timebat,

289 631 371 710 (Nam
393 637 424 693 te
446 631 515 711 quid
537 632 639 692 timeat
659 633 709 710 qui
731 633 773 693 sie
795 633 906 709 ametl)
931 650 1024 711 usque
1047 653 1216 714 supremam

236 754 274 797 rae
288 732 419 795 Credidit
441 733 539 794 infelix
563 733 630 803 tibi,
654 751 710 794 nee
733 734 839 794 diffidit
860 733 896 793 ad
920 733 1034 794 horam.

286 834 349 896 lloe
371 841 491 914 poteras
512 832 610 896 celare
633 834 731 905 nelos,
755 837 797 896 sio
820 834 923 897 fallere
945 843 1091 897 amantem

286 937 370 998 Tune
391 954 510 1017 quoque
532 954 599 997 oum
623 955 753 997 oaesurus
776 938 859 997 eras?
881 937 1019 1014 praelatus
1041 939 1167 998 amicum

287 1038 438 1100 dbduxisti
459 1038 579 1118 inopem
602 1038 715 1098 fraudis
737 1045 845 1117 tuaque
868 1036 917 1098 ille
939 1046 1057 1099 secutus

289 1140 369 1203 luesa
391 1138 471 1200 celer
493 1139 571 1200 eadit
592 1147 659 1199 ante
682 1139 758 1199 diem
782 1141 1006 1218 interruptaque
1029 1140 1133 1219 linquit

235 1264 273 1306 rso
288 1243 344 1304 Per
366 1241 463 1303 seelus
486 1240 583 1321 ampla
606 1247 700 1302 tuum.
725 1241 760 1301 da
785 1241 863 1321 qnod
886 1249 915 1302 te
937 1242 1055 1302 aulerre
1078 1242 1226 1311 dolemus,

285 1342 322 1403 Et
343 1343 446 1422 patriae
467 1360 551 1422 apem
573 1341 665 1403 redde
687 1361 786 1412 suam,
810 1345 965 1423 positoque
988 1343 1089 1405 dolore

285 1444 345 1505 Nos
366 1452 479 1505 temere
501 1443 614 1505 derisas
638 1444 731 1514 reier,
755 1451 883 1505 mentem
907 1445 1044 1505 omnibus
1065 1446 1153 1516 aller,

288 1547 325 1608 Ut
345 1553 395 1607 tua
418 1546 493 1607 laeta
517 1546 622 1607 inlecta
644 1553 763 1624 putent,
783 1547 933 1623 contingat
955 1553 988 1608 ut
1009 1548 1095 1607 istum

288 1647 411 1709 Frustra
433 1648 508 1709 adeo
530 1645 640 1708 luxisse
663 1654 778 1726 patrem
802 1647 934 1727 falsoque
956 1655 1143 1727 peremptum

237 1770 275 1810 ras
290 1748 456 1810 Crediderit
477 1756 593 1810 natum:
616 1749 668 1811 sed
692 1768 746 1810 nec
769 1757 797 1811 te
820 1749 947 1810 reddere
969 1748 1042 1810 relle

290 1849 443 1912 Sublatum
466 1868 522 1913 nee
544 1868 630 1930 posse
654 1851 741 1912 fides!
763 1850 801 1911 ah
824 1870 889 1929 quae
912 1851 964 1911 tibi
986 1853 1077 1911 tristis

288 1951 388 2012 lunata
412 1958 456 2013 est
477 1952 589 2022 rabies,
613 1971 679 2032 quau
701 1959 759 2012 tam
783 1954 937 2029 exagitarit
959 1953 1083 2012 acerbos

287 2052 355 2113 Dira
378 2053 462 2114 ierox
484 2054 618 2115 animos?
640 2053 705 2122 Sol,
730 2055 780 2132 qui
803 2054 978 2114 iustissimus
1001 2055 1114 2115 omneis

288 2155 398 2233 Aspicit
419 2161 556 2224 eventus,
578 2156 673 2216 media
697 2157 774 2216 inter
796 2155 897 2216 nubila
919 2175 1013 2216 eaeeos

237 2277 275 2319 uo
289 2254 426 2317 Ooeuluit
447 2256 544 2318 vultus
567 2256 745 2336 pallentique
767 2256 888 2317 abstulit
909 2276 1027 2317 omnem

287 2357 346 2418 Ore
368 2357 461 2427 diem,
485 2359 615 2437 fugitque
638 2359 720 2419 nefas
742 2357 890 2438 voluitque
913 2361 1037 2421 reverti:

285 2459 321 2520 llt
343 2464 477 2540 poderes,
500 2461 525 2519 si
547 2477 606 2520 non
629 2478 720 2520 curru
742 2461 833 2521 semel
855 2469 923 2521 ante
946 2462 1084 2531 reducto,

286 2559 411 2631 Phoebe,
434 2561 587 2623 Tutestaee
610 2562 780 2622 damnasses
802 2564 925 2640 prandia
949 2581 1073 2631 mensae,

286 2662 370 2723 Tunc
391 2669 529 2740 poterant
550 2669 658 2724 mutata
682 2672 762 2724 retro
784 2666 892 2742 passim
916 2666 1012 2725 omnia
1037 2665 1109 2724 ferri

237 2785 274 2826 ns
289 2764 449 2825 'iristitiam
472 2771 575 2826 testata
597 2782 718 2826 noram:
743 2773 813 2824 tuno
835 2766 939 2845 sydera
963 2764 1062 2825 lumen

286 2865 454 2927 Obscurare
476 2884 563 2927 suum
586 2872 615 2927 et
636 2865 736 2934 solito,
762 2867 991 2934 immanissime,
1015 2864 1125 2926 eaedem

285 2968 423 3030 Aversata
445 2975 524 3028 tuam
548 2967 691 3029 desistere
713 2968 833 3028 llumina
856 2985 962 3034 eursu:

285 3070 454 3131 llumanum
476 3071 614 3130 miserata
636 3086 730 3146 genus
753 3076 823 3129 sunt
845 3069 980 3136 numina,
1004 3069 1099 3128 [randi

285 3171 351 3232 Non
373 3188 494 3250 parsere
516 3178 583 3231 tuae.
608 3171 666 3229 Vos
687 3187 782 3240 nunc,
805 3177 973 3248 matresque
996 3170 1123 3247 virique.

235 3294 272 3335 rso
287 3271 408 3333 Flebitis
430 3274 605 3340 extinctum
629 3279 738 3351 quanta
762 3279 805 3333 est
827 3272 999 3338 Germania,
1022 3271 1130 3331 tristeis

285 3374 390 3435 Induat
411 3373 546 3444 allectus,
570 3392 602 3434 ee
625 3373 751 3435 destinet
772 3373 902 3451 undique
924 3373 1036 3440 luctus,

286 3475 390 3537 Omnia
414 3474 610 3544 conturbatum
634 3473 728 3535 nullas
751 3492 810 3534 uon
833 3474 882 3535 ille
905 3473 1017 3554 puellae

170 3629 173 3634 .
285 3578 379 3639 llorte
401 3585 467 3645 tna,
492 3577 622 3645 invenie,
647 3584 761 3637 moreat
783 3576 885 3645 dolor,
909 3578 949 3636 ite
972 3577 1116 3655 frequenti

287 3680 404 3740 Circum
427 3679 491 3739 haeo
512 3678 598 3739 busta
621 3678 729 3747 ohoro,
752 3678 910 3755 lugubrem
932 3677 1061 3738 inducite
1084 3696 1222 3757 pompam

236 3805 273 3845 res
288 3782 379 3842 rasso
401 3782 483 3841 crine
505 3797 609 3840 omnes
631 3788 657 3840 el
681 3780 769 3858 pullis
791 3779 921 3841 vestibus
943 3798 1063 3849 omnes,

287 3883 517 3962 virgineumque
539 3889 638 3942 arcete
660 3882 765 3952 olenus,
790 3899 845 3942 nee
866 3881 941 3941 ferte
964 3899 1090 3941 coronas

286 3985 417 4065 Comptae
438 3983 567 4063 aliquas,
590 3986 637 4044 isti
660 3984 716 4043 nisi
739 3982 809 4060 quid
832 3984 942 4042 iactare
964 3981 1123 4061 sepulchro

287 4087 339 4147 Est
359 4086 457 4146 honor
482 4085 578 4165 (atque
601 4084 698 4145 honor
721 4084 784 4162 est),
808 4083 898 4143 violas
921 4083 1085 4151 cumulate,
1109 4082 1238 4160 Napaeae,

287 4184 1030 4263 MMwmmwfflwm

151 4376 185 4411 ¹⁸⁸
201 4376 304 4428 caelare
316 4390 401 4426 omnes
411 4376 515 4440 posito?
526 4380 585 4439 poet
598 4373 679 4423 nelos
695 4373 804 4422 sednon
815 4377 874 4435 poet
889 4385 959 4420 erae.
997 4367 1028 4401 ¹³²¹
1041 4383 1134 4418 omnes
1149 4372 1175 4417 3.
1214 4357 1246 4392 ¹⁴²
1259 4376 1340 4411 cursu
1354 4365 1382 4411 3-

151 4464 178 4515 te
195 4463 338 4528 Thyestea
355 4474 453 4509 menae
471 4458 508 4509 oi.
522 4458 587 4509 dial.
600 4457 765 4507 Phaloriam.
780 4457 804 4516 δ.
818 4453 859 4504 20.
874 4454 966 4504 adnot.
1014 4449 1046 4485 ¹⁴⁴
1064 4453 1168 4517 passim
1186 4466 1255 4500 corr.
1270 4455 1298 4497 lt.
1317 4446 1379 4496 eub-

153 4550 195 4599 .².
255 4543 288 4579 ¹⁴⁵
306 4544 439 4595 siderali.
502 4542 535 4577 ¹³⁰
553 4560 578 4608 q.
593 4559 617 4592 e.
632 4538 735 4605 Germ]
750 4539 786 4590 ei.
801 4538 945 4602 Triumph.
960 4536 1107 4587 Reuehlin.
1121 4553 1147 4587 v.
1162 4536 1187 4585 5.
1246 4535 1341 4583 tristes
1355 4538 1381 4584 3.

151 4631 306 4683 ontnrbens
324 4645 394 4679 corr.
408 4634 438 4678 u.
453 4628 599 4678 conturbet
612 4630 667 4678 1.2.
738 4623 771 4656 ¹⁶⁵
788 4622 865 4689 pulla
887 4623 974 4672 vestis
992 4621 1019 4670 h.
1032 4621 1051 4671 l.
1065 4621 1172 4684 luctus,
1196 4635 1251 4669 non
1273 4618 1377 4669 sordidi

151 4716 200 4767 oria
218 4714 352 4766 indicium
370 4719 422 4765 eat.
476 4712 509 4747 ¹⁵⁸
527 4710 673 4775 Ναπαῑαι,
692 4724 832 4761 nemorum
850 4707 985 4773 nymphae.
