3270 5354
163 338 237 412 228
362 369 485 407 ΗΠἸἚΙῙ
497 370 534 407 ut
547 368 681 406 0881181
693 369 904 406 ΙΔΧΙΙΙΜΔῊΙ
916 367 1137 406 ΙΡΙΕΙΔΙΙΔΠΙ
1151 367 1246 404 stult·

364 527 469 588 Gratas
491 524 582 587 redde
604 542 724 604 preces,
749 542 833 604 equo
855 523 940 585 cadat
961 523 1056 585 hostia
1080 522 1215 593 Christo,

339 646 352 687 r
452 625 508 698 Qui
530 634 579 698 te,
601 629 652 706 qui
673 629 798 707 patriam
820 634 923 691 servat,
939 633 969 687 et
989 626 1162 704 imperium.

364 729 419 799 Oui
441 730 566 791 Venetas
589 728 641 790 tibi
663 730 750 808 lregit
771 746 858 810 opes,
881 747 965 808 spem
987 728 1083 808 geutia
1102 744 1198 791 avare

447 830 584 900 Sustulit,
607 832 637 891 in
660 832 784 895 miseros
805 831 1000 911 deposuitque
1020 835 1152 915 metrae.
1233 852 1239 861 ·

292 1004 303 1011 g
363 934 454 994 Sacra
476 933 531 995 dec
553 934 682 1011 primum
704 934 750 994 lac
771 949 888 1011 sospes,
911 931 1018 994 deiude
1040 929 1190 1011 uiumplra

339 1055 352 1094 v
450 1035 587 1114 Laetaque
608 1035 720 1096 victrici
742 1034 799 1112 lige
820 1033 952 1114 trophea
974 1051 1075 1095 manu.
1126 1104 1129 1108 ¹
1202 1058 1242 1091 .-

363 1135 438 1197 'lum
460 1155 527 1207 vos,
551 1136 691 1199 cesaree
713 1124 823 1214 quibus
843 1142 887 1197 est
908 1154 980 1198 cura
1001 1133 1061 1197 ullu
1081 1132 1197 1206 nuuc.

449 1237 505 1299 llic
525 1239 572 1317 pia
596 1239 670 1300 lerte
692 1238 748 1301 deo
771 1256 913 1309 munera,
936 1236 1012 1300 lerte
1033 1254 1173 1317 preces·
1233 1252 1237 1261 ·

301 1420 348 1479 oo.
567 1426 617 1476 uu
635 1425 783 1477 rumam
802 1396 1044 1477 cuuuouuusr.
1154 1472 1179 1503 .·,
1198 1385 1236 1499 ss,

364 1541 465 1604 realta
488 1542 605 1605 llantoo
627 1544 699 1606 dare
721 1562 841 1605 carmen
864 1544 968 1607 idonea
990 1545 1048 1607 vati
1164 1602 1169 1607 .
1285 1587 1290 1595 -

448 1645 584 1715 llateria,
607 1646 713 1724 insigni
735 1647 869 1725 iustaque
890 1646 1044 1716 iuuenili,
1216 1704 1221 1713 ,
1247 1636 1250 1643 ’

365 1746 424 1808 llos
445 1746 603 1818 venetum,
621 1748 734 1827 *quihus
754 1756 840 1810 aucta
862 1754 949 1811 lenus
971 1748 1026 1811 luit
1046 1742 1249 1834 outiaipoleute¹

340 1869 352 1908 r
451 1848 581 1912 Fortuna
604 1856 703 1929 gratas
724 1867 819 1929 usque
840 1856 977 1912 movente
999 1850 1091 1921 vices,
1189 1868 1192 1873 ·

364 1950 427 2013 Heu
449 1959 591 2032 quantum
613 1951 742 2030 fregistis
764 1968 869 2032 opum,
893 1970 960 2032 queo
981 1953 1066 2033 copia
1088 1970 1143 2033 per
1164 1950 1216 2015 'vos

447 2054 490 2115 Ex
512 2053 561 2114 illo
584 2072 684 2116 rerum
707 2053 781 2116 llore
803 2055 931 2117 senescit
953 2054 1053 2134 inops!
1246 2040 1251 2053 “

365 2154 470 2216 Nubila
492 2155 579 2226 toelici
602 2156 725 2217 dnxmtis
746 2164 853 2236 quanta
876 2157 997 2219 sereno!

338 2277 352 2316 a
451 2257 568 2319 Scilicet
588 2258 643 2319 hac
664 2258 807 2320 Venetum
828 2276 878 2319 res
900 2258 954 2320 luit
975 2264 1059 2320 aucta
1080 2265 1175 2320 tensus.

239 2414 242 2421 ⁴
301 2439 351 2498 ou.
703 2446 753 2496 nu
771 2445 910 2496 sonan.

363 2564 450 2625 Parte
472 2564 549 2625 videt
571 2563 697 2626 Venetos
720 2564 857 2626 conflictu
881 2564 985 2627 Cremo
1008 2565 1127 2627 sinistro
1150 2632 1153 2639 ,

449 2665 511 2729 llac
532 2666 638 2728 callere
661 2674 748 2746 atque
769 2665 818 2728 illa
840 2673 924 2746 parte
946 2666 1090 2729 Cremona
1111 2666 1198 2729 videt.

366 2769 420 2830 liat
440 2769 590 2847 specimen
612 2767 744 2829 Fortuna
764 2770 825 2837 sui,
849 2768 920 2829 dant
940 2769 1059 2830 numina
1080 2770 1212 2847 signum,

339 2889 351 2929 r
450 2870 516 2932 Heu
538 2869 647 2931 nullam
670 2870 806 2932 humanis
827 2869 917 2932 rebus
938 2871 1034 2933 inesse
1055 2870 1154 2933 iidem.

302 3051 347 3112 57·
455 3058 503 3108 AD
522 3057 690 3107 VENETOS
708 3058 757 3107 DE
776 3057 898 3109 Pvuult
915 3056 1157 3109 CREMONENSI.

363 3176 511 3238 Caesareos
533 3176 610 3238 soliti
632 3175 796 3256 petulanter
818 3194 941 3254 carpere
962 3194 1082 3239 somnos

449 3278 675 3358 Cunctantisqne
697 3296 795 3340 moras
818 3287 931 3340 vertere
954 3280 983 3339 in
1005 3264 1198 3358 opprobrium

365 3379 511 3442 Desidiam
535 3380 634 3451 nobis,
659 3381 772 3453 Veneti,
796 3379 944 3443 obiecislis
965 3380 1109 3452 otiliam,

340 3502 352 3539 e
451 3482 558 3551 Nobis,
581 3482 659 3542 haud
684 3481 764 3543 vobis
786 3501 851 3560 quae
874 3484 987 3552 nocuit,
1010 3484 1159 3562 requiem,

366 3583 495 3664 liciaque
517 3592 546 3645 et
567 3583 662 3649 lusus.
686 3583 804 3664 quando
827 3586 903 3645 inter
925 3586 989 3646 vina
1012 3585 1134 3664 supinos

450 3685 566 3747 Dixistis
588 3684 713 3765 populos
735 3686 844 3763 degere
865 3685 1051 3749 Teutonicos.

355 3786 462 3849 -Verba
484 3788 597 3850 animos
619 3806 738 3850 movere
759 3788 854 3849 virum
876 3789 1013 3868 risusque
1034 3787 1171 3867 superbi:

340 3908 353 3948 a
452 3887 596 3951 Solvimus
618 3890 734 3950 infamis
756 3890 819 3949 ocia
843 3890 975 3959 desidia;

365 3989 525 4061 Solvimus,
548 4010 565 4051 o
588 3991 703 4059 Veneti,
726 4009 863 4060 somnos,
887 3990 1040 4069 vigilamus
1059 3990 1171 4054 abactis

449 4092 590 4164 Lusibus,
612 4095 642 4154 in
665 4098 776 4155 vestras
797 4093 849 4155 aed
872 4091 1024 4171 vigilamus
1039 4112 1134 4179 'opem

365 4193 485 4273 lamque
507 4195 593 4257 etiam
616 4202 736 4257 eventus
759 4193 857 4257 docuit
878 4212 1012 4274 pugnare
1033 4197 1156 4276 supinos

329 4317 352 4358 n
451 4297 533 4358 Scire
555 4304 585 4359 et
606 4304 776 4358 cunctantes
798 4315 939 4376 rumpere
960 4315 1047 4376 posse
1069 4316 1193 4360 moram.

164 4450 365 4460 ———-—

160 4624 163 4630 Ι
231 4552 272 4603 55.
303 4553 362 4603 Hoc
379 4554 461 4618 epigr.
474 4554 545 4603 omre.
560 4556 586 4603 3.
640 4548 833 4619 ¹ltlant.vat]
853 4551 986 4617 Vergilio.
1038 4551 1196 4604 'Homero

231 4636 272 4687 ot.
304 4636 347 4686 cf.
362 4637 449 4703 epigr.
463 4636 504 4686 52.
561 4635 572 4667 ⁴
591 4636 665 4686 hauc
683 4640 706 4686 2.
720 4639 790 4703 quod
805 4639 919 4687 mendum
936 4654 989 4688 eum
1007 4643 1094 4704 inepta
1111 4634 1234 4689 irrisione
1253 4638 1351 4703 (Nobis
1369 4641 1448 4702 hova,

166 4720 244 4771 iobis
262 4736 287 4786 q.
301 4719 340 4784 n.)
358 4724 475 4786 recipere
492 4738 541 4772 noo
560 4720 681 4771 dvriitnoit
700 4724 725 4773 4.
