3270 5354
227 360 376 397 ananum
390 362 425 396 DE
438 358 555 397 vatim
567 361 650 396 vnms
663 360 808 396 neruum
821 359 1020 396 Pnuuaumcvu
1033 359 1153 395 ΟΑΒΙΕΝ.
1167 358 1326 395 oneum.
1355 327 1427 399 317

347 521 428 592 Optat
447 526 563 593 uterque
580 520 651 573 mori
670 517 789 589 coeloque
809 517 918 589 admoto
939 517 1094 589 rependunt

345 604 506 679 Supplicia:
524 606 660 659 alternum
681 603 765 674 spdus
783 600 898 674 fulpebit
916 608 1036 675 uterque.

285 727 292 740 .
347 689 483 747 Omerita
496 691 593 762 proles
615 689 681 743 caelo
701 688 868 758 spectanda!
888 688 955 760 quid
976 689 1049 742 ultra

351 775 431 831 Vana
456 775 647 846 Tberapnoeos
664 776 782 841 miratur
800 774 908 827 Graecia
929 773 1057 843 fratres?

293 878 332 919 uo
346 860 519 934 Mortipenas
539 860 606 933 quid
625 857 714 913 Roma
735 861 819 912 suos?
840 857 996 912 Acheronta
1018 858 1132 912 reclusit

344 944 397 1002 liis
416 961 469 1001 sua
487 947 585 1016 auique
606 945 677 999 dies.-
700 950 729 997 at
745 957 791 996 aas
807 958 931 997 connexa
952 945 1045 997 tenetis

344 1030 469 1103 Spalaei,
491 1044 538 1085 uos
557 1028 673 1100 pedibas
692 1030 785 1082 lunam
808 1029 920 1082 caleatis
940 1035 966 1082 et
984 1035 1071 1082 astra.

343 1115 401 1171 Sed
419 1117 467 1170 cni
484 1111 638 1172 Chalcidico
659 1113 713 1167 late
733 1113 793 1167 laec
805 1113 954 1184 pendentia
972 1128 1044 1167 saxo
1282 1107 1430 1193 ffffi‘ffgff‘·

343 1200 487 1257 Mausolea
507 1203 625 1256 uacaret?
647 1198 756 1269 quondo
773 1198 828 1252 lua
846 1204 894 1252 out
913 1199 985 1252 unde
1007 1200 1103 1252 relata’
1141 1218 1150 1243 ·

294 1304 331 1343 us
347 1287 486 1362 Ecurria?
504 1284 642 1356 Plirppios
663 1299 750 1338 arcus
771 1283 967 1355 Scythicasque
987 1298 1101 1338 secures

288 1440 291 1445 ᾗ
345 1373 462 1442 Aspicio.
483 1371 534 1424 sed
554 1372 627 1424 scire
647 1368 744 1440 nefas,
764 1386 817 1439 qao
836 1384 874 1423 ex
896 1367 972 1422 boste
993 1368 1118 1439 troplaca

346 1457 415 1512 llaec
436 1457 492 1510 sint
511 1461 561 1510 aul
580 1456 676 1527 quales
689 1456 795 1524 passim
815 1453 995 1524 pendentibus
1017 1454 1122 1509 umbrie

346 1540 519 1598 claudantur
541 1540 657 1595 tumulis.
702 1538 770 1605 (lctis
785 1539 876 1610 plenis
893 1540 989 1593 colorus
1010 1541 1117 1593 inerrat
1248 1533 1428 1614 {mlfflrfg

344 1626 498 1682 Porticibus
519 1633 602 1680 coetus
618 1627 742 1696 nipranti
758 1626 847 1679 cultus
863 1626 979 1678 amiclu?
1244 1621 1335 1655 “lim

295 1730 333 1769 iso
345 1712 409 1767 Heu
428 1728 490 1784 quoe
507 1712 623 1782 flamma
644 1725 746 1764 nocens
768 1709 829 1763 ltoec
849 1724 937 1763 aurea
960 1714 1029 1763 tecta
1044 1710 1178 1780 profanis

346 1797 473 1852 Postibus
493 1799 609 1851 inuasit!
628 1803 770 1851 noctaruce
790 1796 926 1849 occurrite
940 1797 1028 1865 pesti!

348 1882 429 1937 Ferte
450 1883 497 1937 citi
515 1882 642 1954 lpmpltos
663 1883 769 1935 iactatis
785 1881 881 1935 ordine
898 1881 1002 1934 saccis!

345 1967 465 2023 Inuoluit
484 1968 535 2021 sed
552 1968 615 2022 dira
636 1966 708 2021 lues:
729 1965 797 2026 deu,
818 1966 920 2020 damna
942 1974 1079 2019 meorum!

347 2054 422 2109 Artis
442 2053 562 2124 Apelleoe
581 2058 712 2124 quantum
731 2067 789 2105 nox
807 2050 915 2106 abstulit
936 2057 1008 2105 arra!

299 2154 335 2194 ise>
349 2140 384 2193 Al
400 2139 512 2192 meliora
528 2138 647 2192 adsunt:
669 2138 723 2190 late
743 2142 814 2191 tenc!
833 2135 972 2206 improbus
992 2137 1065 2206 ipnis

307 2260 310 2264 -
350 2221 459 2290 Omnia,
482 2237 534 2277 nec
555 2223 629 2278 deest
648 2224 676 2275 in
699 2222 814 2276 medium
836 2223 885 2292 qai
905 2220 1033 2292 conserat
1053 2238 1168 2287 ciarum,

349 2308 453 2379 Quique
475 2307 566 2362 trabes
587 2314 614 2363 et
633 2322 707 2362 saca
720 2307 834 2379 serant.-
856 2321 888 2360 en
912 2308 1001 2361 altera
1022 2321 1124 2360 rursus

347 2392 467 2460 Moenia,
489 2398 515 2447 et
531 2400 630 2448 aurato
652 2399 771 2464 surpunt
785 2392 897 2464 saslipia
917 2408 999 2447 sccuo.

350 2478 407 2533 Nec
425 2479 526 2549 procul
546 2477 610 2533 bitte
626 2481 741 2549 peminoe
759 2484 927 2548 eonsurpunl
948 2479 1059 2549 oirpinis
1081 2494 1158 2544 arce,
1228 2471 1432 2556 liiffiiiiff‘ffi]

301 2581 336 2620 too
352 2561 476 2631 (luorum
498 2564 599 2618 dextra
616 2566 669 2617 sita
688 2577 815 2635 saxoque
835 2577 922 2618 exesa
943 2570 1043 2618 octiesto

349 2650 410 2703 Stat
429 2649 509 2703 rudis
532 2653 654 2719 aspectu.
676 2663 740 2716 nec,
760 2662 838 2720 quem
857 2655 921 2718 post
942 2654 1018 2720 terpa
1041 2650 1164 2721 reliquit,

350 2734 473 2804 Apnosco
493 2733 681 2806 divitanda,
700 2749 751 2789 nec
772 2735 861 2789 notior
881 2749 930 2788 ore
951 2740 991 2788 est

350 2818 405 2873 Hic
424 2820 473 2891 qui
490 2818 642 2891 doctilowa
665 2820 810 2874 meditatur
832 2835 990 2885 murmura,
1010 2820 1103 2890 linpua

350 2906 444 2959 Aureo
465 2903 546 2958 uerba
568 2919 680 2959 sonans.
724 2907 774 2960 Ast
789 2904 863 2969 lucc,
887 2904 948 2975 the
968 2906 1037 2958 lecoa
1058 2898 1203 2971 recumbit,

302 3007 338 3047 iso
359 2989 478 3061 Virpinis
499 3006 553 3043 ara
575 3004 687 3057 recens,
706 3008 761 3060 pro
779 2997 880 3060 quanto
901 2991 1023 3060 assurpil
1041 2989 1165 3044 doctore?

352 3073 423 3140 Qctid
440 3073 492 3128 sibi
511 3076 567 3130 uult
586 3074 723 3130 bomiruan
744 3075 850 3130 subitus
870 3089 1023 3129 concursus
1044 3075 1156 3129 eodem?

351 3158 422 3225 Quid
441 3158 543 3214 cborus
565 3163 614 3214 iste
633 3174 742 3229 recens,
764 3167 944 3231 coupcstaque
964 3174 1080 3215 meinero
1101 3162 1161 3214 totis

352 3244 496 3299 Postibus?
518 3246 626 3299 arridet
644 3244 785 3316 Spartano
802 3245 903 3300 blanda
926 3246 1033 3301 metallo

1339 2642 1429 2679 i'ancioni

1340 2698 1352 2720 a
1385 2697 1401 2721 ι.

353 3330 446 3384 Frons
455 3331 570 3401 procul,
593 3330 667 3384 banc
685 3331 795 3403 Libycae
817 3330 987 3385 commendat
1004 3348 1135 3402 puerpura
1159 3346 1233 3385 uenae

300 3429 339 3469 noo
354 3414 532 3486 Niliacusque
552 3418 624 3486 lapis
644 3415 837 3491 l’ltrppiusque
858 3424 883 3471 et
902 3418 1031 3487 quicquid
1052 3417 1171 3471 Etrusco

353 3499 454 3556 littore
475 3500 555 3555 Luna
576 3508 652 3556 secat
671 3506 808 3574 occuritque
829 3505 931 3574 Arpina
954 3501 1092 3572 Carystos.

353 3585 410 3640 Sed
426 3588 568 3659 rapimur,
590 3587 655 3641 dum
672 3589 759 3659 plara
777 3603 890 3660 sequor,
913 3605 974 3661 quoe
997 3587 1082 3643 Graia
1101 3589 1233 3644 sacerdos

359 3669 455 3726 Vicina
474 3673 585 3744 repione
601 3674 688 3737 sedet,
711 3675 803 3728 uitiata
822 3676 949 3746 capillos,

1336 3580 1341 3665 Ι
1360 3581 1438 3615 etaim

1361 3626 1420 3659 andra

151 3803 352 3816 -,.-....-.---

219 3871 252 3905 ¹⁸⁹
269 3873 417 3923 Dioscoroe.
477 3868 509 3903 ¹⁷⁰
526 3871 653 3922 Remurium
670 3873 829 3937 Ilernumque.
882 3870 913 3904 ¹⁷³
936 3873 1030 3922 Petras
1043 3857 1191 3925 Mobenicus
1210 3875 1265 3924 deca
1285 3875 1438 3922 l'enelorum

152 3959 367 4010 a.1ttt...1tet.
420 3955 560 4019 Sepulcbro
579 3959 727 4021 inscriptum
745 3965 799 4014 est:

354 4041 406 4091 Illa
424 4057 476 4106 ogo
495 4045 541 4105 qui
559 4041 693 4107 Phrygias
711 4043 793 4092 urbes
812 4043 938 4106 Asiaeque
957 4045 1078 4108 potentis

355 4125 477 4192 Oppida,
497 4128 543 4191 qui
562 4126 679 4177 Cilicum
698 4127 814 4178 classem
833 4128 1005 4194 Cyprumque
1024 4130 1130 4194 recepi,

354 4213 480 4278 Aequora
498 4213 606 4279 piratis,
627 4212 757 4263 Scodram
775 4214 917 4264 obsidione
936 4212 1041 4272 levavi,

355 4298 468 4348 Patrum
487 4312 635 4360 consensu,
654 4298 748 4364 populi
767 4301 828 4349 Dux
847 4315 915 4349 voco
934 4303 1052 4350 creatus.

155 4381 187 4417 111
204 4385 283 4435 Scala
306 4385 334 4433 di
350 4382 378 4432 S.
392 4383 493 4433 abarca.
564 4381 598 4415 111
616 4382 736 4450 inccnd]
758 4381 1066 4434 autumationum
1088 4386 1189 4448 opinor.
1260 4382 1291 4415 ¹⁸⁹
1309 4383 1338 4433 S.
1352 4383 1440 4433 Murio

153 4484 226 4520 unna.
294 4467 324 4500 111
342 4467 370 4519 S.
387 4470 511 4519 Continui.
531 4473 588 4519 itera
604 4470 761 4533 parocdiulls
780 4472 897 4519 ecclesia.
969 4467 1000 4499 ¹⁹³
1019 4469 1047 4517 δ’.
1062 4470 1185 4518 Giooaune'
1203 4469 1364 4519 Criaostorno.
1384 4473 1440 4518 itcm

152 4554 260 4621 paracle.
327 4551 359 4585 ¹⁹⁶
377 4552 406 4604 S.
420 4554 509 4604 Maria
526 4557 577 4604 siue
590 4555 724 4604 Modonna
741 4553 782 4605 dc'
802 4556 922 4604 miraculi.
989 4552 1020 4584 111
1038 4552 1146 4619 chorus]
1166 4556 1341 4605 monacharum
1360 4555 1441 4604 Fran-

153 4641 321 4690 ciscanurum.
391 4636 425 4671 ¹⁰²
443 4642 470 4690 S.
485 4641 598 4689 diarium
615 4657 708 4704 corpus
731 4658 744 4688 e
765 4641 984 4703 lbrnslnnlinopoli
1005 4640 1126 4689 l'cnelias
1149 4644 1334 4691 lrarmlalerunl
1358 4644 1382 4690 iu
1401 4657 1440 4689 cc·

153 4727 255 4775 electiora
273 4726 489 4778 alamanicam
508 4734 532 4776 et
551 4727 666 4776 Liberali
683 4727 799 4777 ilicetum.
