3270 5354
168 396 345 434 utrumn
358 395 462 431 mm
476 385 637 432 ‘l'lllvlss'lifffl
650 394 787 429 uocrottrs
801 395 941 430 aaronem
956 394 1199 430 s.ron.cal¹rttortts
1213 394 1365 431 BNCOHION·
1392 364 1465 436 433

326 569 364 611 sas
380 550 467 611 Virus
490 549 582 610 babes
604 551 725 629 urisque
748 547 855 619 oculis,
880 558 911 609 ut
934 555 964 609 tu
988 551 1084 611 onmia
1108 553 1169 611 visu

377 651 583 721 Consceleras;
607 651 685 712 Naso
708 658 787 711 vates
809 670 897 730 quem
921 653 1051 712 cannino
1074 653 1168 730 pingit

379 753 497 814 lnvitliae
520 752 617 814 vrrltus
639 770 697 812 non
721 753 844 814 multum
868 753 980 815 abludit
1002 754 1039 814 ab
1062 753 1130 813 illo·

377 854 422 916 Nc
444 855 516 916 mibi
538 855 586 916 alic
608 856 751 924 studium,
775 873 811 914 no
834 856 882 916 alic
905 856 990 925 mflri,
1013 857 1157 935 pessime,
1182 857 1283 924 vitem,

378 957 458 1018 Neve
481 958 674 1018 inconcinnos
697 975 809 1026 meree,
835 958 1002 1018 verissimus
1024 957 1112 1018 indos

326 1079 366 1119 aro
380 1057 524 1119 Omnibus
547 1067 591 1120 cst
614 1058 723 1128 vultus,
746 1061 796 1138 qni
819 1066 847 1119 te
870 1059 957 1120 docet
979 1078 1043 1120 esse
1066 1059 1240 1138 malignum,

380 1160 452 1220 Esse
474 1159 567 1221 levem
591 1178 767 1239 semperque
790 1160 898 1220 malum
922 1179 1099 1239 semperque
1122 1170 1255 1241 paratum

381 1260 516 1323 Olllcere.
540 1269 574 1322 ut
597 1269 709 1333 taceas,
733 1262 803 1339 quial
828 1264 884 1321 iam
907 1270 1020 1340 septem
1044 1265 1138 1340 egerit
1160 1265 1261 1332 annis,

381 1364 514 1424 Forsitan
535 1363 614 1424 bavnl
638 1364 749 1433 dicam,
773 1364 867 1423 dicam
891 1364 985 1435 banrl,
1008 1373 1037 1425 at
1060 1368 1155 1427 verius
1177 1368 1256 1426 omni

380 1466 539 1527 Coniiciam
563 1484 647 1527 vero:
670 1473 700 1526 te
723 1473 828 1526 cuncta
851 1466 961 1527 audere
984 1466 1115 1545 nihilque

329 1587 368 1627 aas
382 1568 472 1629 Posse
495 1568 603 1646 negas?
625 1576 652 1627 at
676 1574 705 1627 te
727 1568 857 1647 proelnnt
879 1575 928 1628 tua
951 1570 1096 1628 caruvina:
1120 1570 1171 1629 sen
1196 1588 1250 1631 cnr
1341 1568 1472 1656 3¹:222:ng

380 1670 537 1731 ‘Crimina'
561 1689 620 1731 non
644 1671 759 1749 potins?
782 1687 879 1747 rreqne
902 1673 981 1730 enim
1005 1670 1148 1750 videoque
1171 1670 1295 1751 legeque

379 1772 512 1833 Putielius
534 1774 705 1852 quicquam:
729 1779 823 1832 totum
846 1772 913 1832 inlla
937 1770 1070 1833 versibus
1092 1780 1205 1845 utrem,

380 1872 453 1934 lnlla
474 1874 577 1935 ambas
600 1874 724 1943 buccas,
747 1880 780 1932 nt
802 1881 830 1933 to
854 1893 914 1935 uno
937 1876 1067 1935 carmine
1091 1876 1187 1935 vincat

381 1976 527 2037 buscbius
549 1984 599 2037 aut
621 1975 726 2054 aliquis
748 1976 898 2037 Musarum
921 1984 1035 2037 mactus
1057 1976 1209 2046 alumnus,

329 2097 368 2139 eso
382 2077 467 2156 lsque
491 2079 547 2138 tuis
569 2077 695 2147 similes,
719 2078 837 2158 siquid
861 2080 1035 2148 certaveris,
1059 2098 1119 2140 uno

382 2178 460 2240 llille
483 2180 531 2240 die
552 2198 658 2241 versus
680 2181 775 2241 laeiet.
800 2187 831 2241 tu
856 2188 883 2241 te
906 2199 970 2241 esso
993 2189 1109 2259 poetam

384 2281 414 2340 ln
438 2281 549 2361 populo
572 2283 677 2352 iactas,
701 2284 787 2361 qnia,
811 2301 869 2361 qno
893 2291 921 2344 te
943 2285 1055 2343 insania
1079 2284 1173 2353 ducit,

382 2382 446 2443 lluc
467 2390 553 2461 potes
575 2391 712 2445 emuncto
735 2386 870 2463 pituitam
893 2387 1008 2446 mittere
1030 2387 1121 2446 naso?

384 2483 537 2545 ‘Carmen’
561 2488 603 2546 ais
626 2484 771 2545 ‘scribo':
796 2487 909 2556 (licam,
934 2487 1148 2558 indoctissimo,
1172 2506 1291 2549 carmen

331 2606 370 2646 sss
385 2584 469 2655 Quod
492 2605 584 2665 pecus
607 2587 740 2648 llreacliae
764 2606 871 2666 {iecora
895 2591 971 2650 inter
994 2592 1097 2650 inertia
1121 2590 1214 2656 rudit,

384 2687 418 2748 Et
441 2689 520 2767 qnoel
544 2696 642 2750 cantu
664 2707 771 2768 epops,
796 2697 824 2751 et
847 2692 925 2770 quod
949 2690 1047 2752 leralis
1069 2691 1106 2751 ab
1129 2690 1187 2751 alto

385 2789 512 2850 Nunciat
533 2790 735 2870 Ascalaphus?
758 2792 810 2851 tibi
833 2810 891 2852 non
915 2792 1035 2851 rudiore
1058 2793 1187 2852 Minerva

385 2890 416 2950 ln
440 2891 536 2952 Sicula
560 2891 759 2972 Polyphemus
782 2912 857 2972 aqna
881 2894 1061 2954 contendere
1084 2901 1192 2971 posset.

385 2991 592 3062 Quaerimus
609 2995 681 3062 sint,
699 3014 752 3055 cur
769 3003 799 3056 tu
816 2994 995 3073 Capnionern
1011 2995 1150 3055 invadere
1167 2996 1257 3054 mavis
1393 2991 1466 3069 5⁰53„

333 3114 372 3153 ano
387 3092 480 3164 Quam
504 3094 604 3156 lurore
628 3097 680 3157 ista
705 3097 783 3156 ‹lorni
808 3104 836 3159 et
860 3106 955 3158 tecnrn
979 3099 1107 3158 insanire
1128 3098 1282 3157 seorsum?

385 3197 428 3256 llo
452 3200 529 3276 potis
552 3218 584 3258 es
607 3198 707 3259 lurere
728 3199 809 3259 ltunc
833 3199 907 3259 intra
931 3197 1069 3260 conclave
1092 3199 1243 3259 lunonem?

387 3297 466 3359 ‘Non
489 3298 571 3360 sum’
596 3301 650 3360 ait:
675 3320 781 3361 exerce
804 3302 919 3361 miseris
942 3299 1096 3362 latratibus
1119 3317 1190 3376 ergo

387 3400 423 3460 Et
444 3399 575 3478 lingnam
599 3409 628 3460 et
650 3402 752 3462 «lentes
775 3410 803 3462 et
826 3420 892 3480 quac
915 3401 966 3461 tibi
989 3402 1124 3480 plumbea
1149 3420 1222 3462 vena
1246 3409 1299 3462 est.

249 3618 284 3652 ⁸⁶⁶
301 3617 387 3685 Naso]
406 3619 519 3670 Metam.
533 3621 570 3673 11.
584 3620 643 3671 768.
658 3638 717 3687 sqq.
737 3660 755 3684 ,‚
810 3623 906 3674 Pallor
920 3624 947 3674 in
961 3640 1007 3674 ore
1021 3623 1108 3686 sedet,
1129 3623 1233 3673 macies
1246 3621 1274 3672 in
1288 3636 1399 3687 corpore
1412 3625 1479 3682 toto,

183 3705 322 3771 Nusquam
342 3709 420 3756 reeta
439 3706 529 3768 scies,
553 3705 642 3756 livent
667 3708 793 3771 rubigine
818 3709 930 3772 dentes,
955 3710 1075 3760 Pectora
1099 3708 1165 3761 telle
1190 3709 1295 3769 virent,
1320 3706 1416 3772 lingua
1440 3710 1482 3755 est

184 3790 289 3841 suffusa
307 3806 429 3852 veneno;
452 3791 535 3843 Risus
553 3792 647 3854 abest,
674 3793 728 3841 nisi
747 3808 826 3858 quem
844 3794 899 3843 visi
918 3810 1028 3845 movero
1047 3793 1169 3856 dolores3
1193 3794 1251 3845 Nec
1271 3792 1370 3841 fruitur
1387 3807 1481 3840 somno

183 3874 353 3939 vigilacibus
372 3877 466 3925 excita
486 3876 571 3939 curis,
596 3877 645 3927 scil
664 3877 741 3927 videt
759 3879 884 3942 ingratos
902 3879 1108 3944 intabescitque
1127 3879 1247 3930 videndo
1266 3878 1416 3927 Successus
1434 3876 1481 3925 bo·

183 3960 299 4018 minum,
325 3961 468 4025 carpitque
494 3967 522 4011 et
545 3963 670 4026 carpitur
694 3977 762 4024 arira,
787 3962 1012 4028 Suppliciumqne
1038 3980 1115 4014 sunm
1140 3968 1182 4013 est
1201 3966 1250 4013 ...¹⁵
1318 3961 1351 3991 ⁵⁶⁹
1371 3963 1399 4009 in
1418 3976 1481 4009 con·

184 4044 280 4094 einrios
300 4048 323 4093 7.
394 4043 427 4076 777
446 4045 559 4110 Septem
578 4048 642 4095 anui
662 4052 725 4111 post
745 4045 960 4098 teramnanae
979 4065 1003 4098 a.
1020 4048 1093 4100 1517.
1158 4047 1192 4078 ⁵⁷⁷
1211 4047 1254 4097 Cf.
1270 4049 1337 4097 llor.
1353 4050 1406 4095 sut.
1421 4046 1480 4103 bl,

183 4138 205 4179 a.
218 4144 277 4193 sqq.
349 4127 508 4181 ⁵⁷⁸=WHos
532 4145 628 4181 versus
653 4132 711 4196 ipse
731 4131 867 4182 llusehius
886 4137 963 4184 certe
983 4150 1037 4184 non
1055 4133 1223 4197 scripsisset.
1248 4131 1291 4181 Cf.
1305 4131 1384 4197 prael.
1398 4135 1483 4180 nostr.

184 4211 218 4246 ⁵²⁰
237 4213 382 4265 tutam.
428 4214 459 4248 ⁶⁸¹
481 4215 700 4266 succretam.
749 4213 781 4247 777
800 4217 877 4267 ‹lncit
897 4222 919 4268 1.
967 4217 1000 4250 ⁵¹³³
1018 4218 1184 4268 Innrbanius
1202 4217 1255 4266 boc
1275 4231 1355 4280 quam
1374 4214 1484 4265 solebat

184 4299 334 4349 Huttenus.
382 4298 416 4331 777
436 4301 612 4350 altasar.
661 4299 694 4332 ⁵⁵⁵
713 4316 798 4364 pecus
816 4301 927 4368 Arcam]
951 4304 1054 4352 sainna.
1103 4301 1135 4334 ⁵⁸⁷
1153 4299 1437 4365 recollectamus
1457 4304 1484 4346 ot

184 4382 333 4433 Avernalis
352 4399 373 4434 s.
388 4383 494 4450 Stygiae
514 4385 640 4450 nymphae
659 4385 746 4447 tilius,
767 4387 794 4435 in
813 4386 949 4436 bubonem
969 4401 1120 4437 conversus
1139 4386 1258 4435 tristium
1278 4400 1366 4434 rerum
1381 4400 1481 4449 praesa-

185 4483 235 4533 gua
257 4469 379 4519 nuntius.
406 4468 478 4520 Oeta.
499 4475 562 4520 met.
582 4471 613 4519 V.
633 4469 692 4520 538.
706 4484 765 4535 sqq.
784 4473 863 4535 Verp.
878 4471 946 4522 ben.
961 4473 1008 4525 IV.
1022 4470 1081 4520 loa.
1096 4487 1119 4520 c.
1139 4470 1213 4520 Sero.
1284 4469 1317 4533 777
1336 4469 1439 4533 Sycula
1459 4474 1482 4518 7.

184 4551 311 4620 Polyph.]
343 4554 505 4619 Vespben.
522 4556 573 4605 Ill.
597 4553 728 4620 otssqq.
763 4555 945 4618 „Clamorem
970 4557 1121 4606 inmensum
1145 4554 1232 4613 tollit,
1258 4569 1310 4618 qno
1334 4560 1433 4617 pontus
1457 4560 1485 4602 et

185 4653 279 4689 omnes
303 4638 500 4691 Contremuere
528 4640 608 4690 undae
632 4640 795 4705 penitusque
825 4641 958 4690 exterrita
977 4640 1058 4690 tellus
1077 4640 1166 4689 ltaliae
1186 4640 1330 4702 curvisque
1359 4639 1487 4704 inmugiit

185 4722 275 4773 Aetna
294 4726 448 4775 cavernis¹’.
499 4723 533 4756 ⁸⁰³
551 4740 632 4774 rroena
646 4727 666 4774 1.
674 4728 698 4774 2.

246 4809 377 4860 Hvrrsvu
391 4808 460 4860 Orr.
475 4825 538 4861 vor..
552 4811 601 4860 lll.
1223 4809 1264 4871 28
