3270 5354
194 381 397 423 ΜΙΜΙΙ·
404 352 616 419 multllm!
625 380 662 417 VT
672 380 783 417 mm
793 381 822 417 ΙΙ
834 380 958 417 vmros
969 380 1087 423 PBOBBQ·
1094 380 1339 417 HROBTHOBIVH.
1351 412 1356 422 ,
1369 350 1379 421 1
1391 352 1437 421 55

352 536 457 606 Vince.
471 539 610 615 inquam,
626 544 766 617 lentoque
783 537 884 614 magis,
900 535 979 615 quod
995 537 1045 614 qui
1060 538 1114 597 isia
1130 536 1287 614 gerebant,

436 639 566 710 llorum,
589 658 678 719 quem
700 646 814 707 nostru,
838 646 883 699 esi
903 636 1010 699 bellica
1032 637 1109 699 lerna
1132 639 1237 699 minor.

327 780 330 787 ·
356 740 462 811 [illiue.
485 758 524 803 ne
547 741 664 803 videant
684 740 756 803 illu'd
778 749 828 801 tun
850 747 985 819 tempora
1007 741 1152 820 prinlum,-

305 867 342 909 ιω
436 840 523 913 Quod
544 843 610 923 quis
632 844 788 905 Germanis
809 842 914 904 lortius
936 859 1017 902 arrnn
1039 849 1131 921 geret.

354 944 475 1026 lemque
497 944 591 1007 oculls
613 963 748 1025 propone
770 944 874 1013 duces,
897 962 1032 1023 propone
1054 952 1209 1024 tyrannos,

435 1050 460 1109 Α
475 1046 583 1126 quibus
594 1047 668 1118 hoc,
692 1054 835 1126 quantum
850 1051 894 1106 est
908 1044 1021 1116 nobile,
1044 1054 1168 1108 stemma
1183 1047 1288 1119 trabis,

338 1149 391 1213 lli
410 1150 520 1229 pudent
539 1150 566 1211 si
588 1167 648 1209 non
670 1149 715 1209 bis
738 1156 766 1208 le
788 1148 951 1211 maioribus
972 1166 1085 1229 eques,

304 1270 341 1313 roc
435 1250 492 1323 Qui
514 1250 599 1312 lemae
620 1250 781 1329 implerunt
803 1252 900 1311 omnia
922 1249 1009 1312 laude
1030 1268 1100 1312 suu.

351 1353 430 1417 Enoc
449 1362 542 1415 ruunt
562 1352 681 1434 Cymbri
703 1360 732 1414 el
754 1351 884 1414 collectis
905 1352 1055 1414 Teulones
1076 1355 1165 1415 armis

436 1456 469 1518 ln
492 1456 607 1519 lolium
630 1464 659 1518 et
681 1455 803 1516 llornonr
826 1472 885 1514 non
908 1457 971 1516 sinc
994 1454 1076 1517 clade
1099 1462 1216 1547 pelorum

352 1557 431 1621 Eece
452 1557 551 1620 alacer
573 1557 687 1636 magnis
707 1556 872 1618 llomnuunn
896 1556 1006 1619 viribus
1029 1576 1132 1619 ausum

303 1678 341 1722 ree
433 1661 584 1722 Arminius
605 1661 678 1720 viclo
701 1659 800 1721 deiicil
822 1679 838 1719 e
859 1660 969 1738 palric3

352 1761 403 1832 lli.
426 1763 478 1842 qui
498 1768 528 1823 te
551 1762 673 1841 propius
695 1763 838 1838 contingit
859 1778 978 1830 rumor,
1000 1760 1131 1824 Olboues

435 1863 540 1925 Nonne
563 1864 644 1926 vides
665 1872 727 1924 loto
750 1881 829 1924 nnnc
852 1864 938 1924 eliam
960 1862 1033 1924 orbe
1056 1865 1140 1923 cani?

352 1965 390 2028 El
409 1965 651 2028 Frilericborum
675 1965 752 2026 lerna
774 1983 930 2045 superesse
951 1965 1134 2046 triumphos,-

303 2088 340 2131 ur
436 2068 599 2131 luleuslurn
621 2068 711 2129 baliis
733 2067 858 2129 urbibus
880 2069 1021 2128 exilium?

353 2172 402 2233 sic
424 2177 453 2233 le
475 2190 511 2233 ex
533 2169 620 2249 plebe
641 2169 721 2239 leva,
745 2172 787 2232 sic
808 2177 838 2230 ie
861 2188 950 2249 super
973 2170 1082 2233 aellwrn
1105 2170 1189 2242 tolle,

438 2272 531 2335 llurci
548 2281 582 2333 ut
603 2278 632 2333 ei
653 2289 760 2332 nornen
783 2272 889 2333 saecula
912 2271 999 2351 louge
1022 2274 1119 2335 tuum!

353 2374 412 2437 Sed
435 2376 492 2436 ianr
514 2372 590 2435 bella
612 2391 717 2452 pares,
740 2376 797 2434 iarn
820 2376 888 2435 lotis
910 2374 1021 2435 viribus
1044 2375 1149 2445 nudes,

302 2496 341 2538 ne
435 2477 495 2539 lom
519 2478 576 2538 clla
597 2483 740 2555 concepto
764 2483 859 2537 castra
881 2477 984 2538 lurore
1006 2477 1121 2547 mores,

352 2578 415 2643 lem
436 2580 499 2641 ruis
520 2580 551 2640 in
574 2577 714 2648 l'enel0S,
739 2586 768 2639 el
789 2585 818 2639 le
840 2580 923 2640 limet
944 2579 1036 2639 bostis
1058 2587 1192 2641 euntem:

438 2679 503 2743 Non
526 2698 602 2760 opus
625 2688 670 2742 eol
691 2681 810 2740 monilis
832 2681 868 2740 nd
891 2688 940 2741 lua
964 2688 1058 2759 eoepln
1081 2684 1164 2743 meis.

352 2784 474 2852 Annue,
498 2782 630 2852 Christe,
654 2782 734 2850 duci,
758 2800 846 2861 quern
870 2790 899 2842 lu
923 2783 985 2844 baec
1008 2785 1037 2844 in
1059 2798 1150 2862 regnu
1172 2783 1290 2854 locasti,

301 2906 340 2948 no
434 2886 554 2954 llnnue,
578 2883 614 2945 od
637 2884 775 2944 intuitum
797 2882 900 2944 militet
922 2883 970 2946 ille
992 2893 1090 2955 luum;

353 2986 395 3049 llo
418 3005 512 3066 pauco
535 2986 662 3048 Venetos
684 2988 820 3065 superari
841 2987 985 3063 sanguine
1008 2988 1099 3058 cives,

437 3089 480 3151 ua
501 3096 581 3150 lauta
605 3089 711 3167 exiguo
733 3086 810 3149 bella
833 3106 941 3149 cruore
963 3090 1040 3166 geri!

343 3365 399 3423 ,Sic
419 3372 447 3421 le
469 3382 501 3421 er
523 3362 602 3439 plebe
624 3363 697 3426 leva,
720 3363 760 3420 sic
782 3371 809 3420 te
832 3381 915 3438 super
936 3365 1037 3421 aelbcrn
1059 3365 1157 3434 lellus,
1387 3383 1443 3436 1⁷¹³)

441 3450 524 3506 burel
545 3456 571 3504 et
590 3456 621 3505 ul
640 3466 739 3505 nornen
762 3450 860 3506 sucula
884 3450 964 3523 longe
988 3452 1079 3507 tuum!

353 3535 407 3593 Sed
428 3535 480 3592 inru
502 3532 572 3591 bellu
593 3551 688 3609 purus,
712 3534 853 3591 iomioiis
876 3535 977 3592 viribus
998 3537 1096 3600 eudes,

303 3636 343 3679 roo
436 3620 490 3677 lem
514 3627 559 3675 luc
581 3627 714 3694 concepto
737 3627 827 3676 cnslrc
850 3621 944 3676 lurore
965 3638 1070 3684 moves,
1388 3638 1444 3689 (llo)

356 3704 410 3762 lam
433 3722 491 3762 rurs
514 3704 541 3760 in
564 3704 694 3766 Venetos,
718 3713 746 3761 el
768 3713 795 3760 le
819 3705 895 3761 iimol
919 3700 1006 3763 bostis
1029 3715 1152 3763 euntem:

437 3790 496 3847 llon
520 3807 590 3864 opus
612 3800 654 3847 cst
676 3790 785 3846 monitis
807 3790 840 3846 acl
863 3799 908 3847 tua
930 3800 1019 3866 crepta
1042 3793 1117 3849 meis.

355 3876 466 3939 Aunue,
488 3874 608 3937 Ghn'sle,
632 3875 706 3938 eluci,
730 3890 810 3949 quern
834 3882 863 3931 lu
886 3877 945 3932 liaec
967 3876 996 3932 in
1018 3895 1102 3951 regna
1123 3877 1235 3941 locusli,

305 3975 344 4018 eor
439 3963 548 4023 Annue,
571 3961 605 4016 nd
628 3960 755 4016 inluilum
779 3960 877 4016 militat
899 3960 945 4016 ille
969 3970 1059 4027 luum;
1384 3978 1441 4030 (roo)

353 4044 389 4104 ua
411 4062 498 4120 pauco
521 4044 637 4102 Venetus
659 4046 782 4120 superori
805 4046 1046 4119 sanguineum,

438 4131 474 4187 llo
496 4137 572 4188 unta
592 4130 691 4203 exiguo
715 4129 783 4186 belle
805 4131 899 4188 labore
920 4133 994 4205 geri!
1384 4147 1441 4199 (ror)

152 4299 354 4313 μ·-

151 4404 279 4471 pnntnm,
299 4398 387 4467 Regio
403 4413 472 4467 opus
488 4398 596 4465 magni,
619 4398 719 4449 mediis
737 4399 847 4465 euripus
864 4399 912 4449 ubi
929 4399 1010 4449 undis
1026 4400 1198 4465 Europaeque
1216 4398 1344 4465 Asiaeque
1362 4404 1441 4450 vetet

151 4500 316 4541 mamre
332 4487 447 4537 bernw
492 4482 527 4517 ⁸⁸⁰
544 4481 623 4550 Iesu]
644 4481 770 4543 Doridis,
789 4483 839 4534 lilii
851 4485 927 4535 Iesse
945 4484 1046 4546 s.1se'i‚
1067 4484 1145 4535 ouius
1163 4489 1272 4550 strages
1289 4485 1364 4535 inter
1375 4485 1439 4534 Phi-

151 4572 262 4627 mnne·
279 4570 363 4623 eolla
380 4570 466 4621 elium
482 4570 513 4621 in
529 4569 702 4636 proverbium
721 4569 857 4620 obierunt.
908 4567 944 4601 ¹¹¹
961 4568 1150 4634 Ooecropiosqp
1168 4574 1191 4620 1.
1240 4566 1245 4573 ’

218 4654 255 4691 ¹*
275 4655 390 4707 Plenius
413 4654 475 4707 bno
497 4655 527 4707 in
549 4657 718 4722 panegyrico
743 4656 779 4707 sd
796 4654 947 4705 Albesium.
1017 4653 1049 4687 ⁷¹¹
1068 4651 1438 4720 FridericborumJI.et1L

151 4754 207 4795 m
232 4740 318 4794 etiem
339 4741 465 4808 perentle
487 4740 686 4804 Muximilieni,
711 4741 756 4806 qui
780 4740 880 4792 blande
904 4755 958 4793 non
981 4739 1144 4792 excluditur.
1214 4737 1248 4774 ¹¹⁴
1265 4738 1362 4793 seculo
1380 4743 1438 4791 3.4.
