3270 5354
184 388 257 459 340
423 417 545 456 uvarum
559 419 726 457 annuerunt
740 419 855 457 NONDV!
867 418 1068 457 ΒῑῦΙΙΙΙΔΒΙΒ
1081 418 1238 460 numen.

333 593 370 632 ros
385 576 515 653 Quoque
538 575 587 635 dio
611 593 697 635 nemo
720 577 859 653 perituris
881 574 1013 636 scribere
1036 575 1147 637 chartis

383 677 487 736 Posset
508 682 537 736 ot
559 678 587 736 in
611 676 717 737 multos
740 679 777 736 ita
801 677 909 754 passim
932 694 1075 757 spargere
1097 685 1217 756 gentem

382 778 439 839 Per
462 796 515 837 nos
538 796 595 838 urna
619 778 681 839 dies
704 780 733 838 in
756 776 835 839 mide
859 778 1003 839 volumina
1028 779 1160 857 profert:

382 879 467 951 Quod
490 886 602 939 tontmn
627 886 685 948 est,
708 887 742 939 nt
763 881 787 940 si
811 887 933 940 cunctas
954 881 1152 959 perpenderis
1172 888 1271 959 artes,

381 978 451 1041 itata
474 998 547 1059 quas
570 981 649 1040 acies
671 980 824 1060 Latiuch
847 988 968 1043 exercet
989 1000 1130 1052 acumen,

331 1103 367 1142 no
382 1083 514 1143 internas
536 1083 649 1142 omneis
671 1081 727 1141 hae
748 1081 871 1142 utilitate
893 1085 1039 1144 minores:

378 1183 464 1244 Nunc
487 1185 641 1261 quisquam
664 1185 837 1244 innumeros
859 1185 945 1244 etiarn
969 1185 1006 1246 de
1028 1202 1161 1265 paupere
1183 1185 1271 1247 turba

378 1285 492 1361 Exiguo
515 1291 600 1362 paret
621 1303 680 1344 aero
701 1284 808 1354 libros,
833 1293 862 1345 et
883 1304 1008 1348 munere
1030 1294 1132 1348 nostro

378 1385 574 1465 Consequitur
597 1385 687 1448 ciecus
710 1387 817 1463 ingenii
841 1404 990 1467 parvoque
1012 1386 1115 1448 labore

378 1487 482 1548 Omnia
506 1486 550 1549 vet
573 1506 627 1565 per
651 1507 697 1555 se,
722 1506 787 1567 quire
810 1486 899 1564 longo
921 1488 1088 1552 addisceret
1111 1507 1166 1551 usu

328 1611 365 1650 nn
381 1589 417 1649 Et
440 1586 515 1665 vigili
538 1607 609 1649 cura
632 1606 795 1666 somnoque
818 1589 988 1651 carentibus
1011 1589 1106 1663 boris,

378 1689 510 1759 irnhihit3
535 1690 591 1750 boc
613 1698 725 1750 tentnm
749 1698 806 1759 est,
830 1699 863 1750 ut
885 1692 963 1770 quod
987 1710 1067 1753 nnnc
1089 1694 1187 1754 omnia
1212 1693 1305 1771 plenis

377 1794 452 1852 Snnt
474 1800 612 1870 congesta
636 1791 735 1860 libris
760 1799 793 1852 ut
814 1794 893 1873 quod
916 1811 996 1854 nunc
1018 1794 1125 1873 oppida
1149 1795 1254 1856 doctos

377 1895 486 1954 Cuncta
510 1895 588 1953 viros
611 1895 760 1963 referunt,
784 1894 863 1973 qnod
885 1893 964 1956 nulia
987 1895 1024 1955 ita
1049 1895 1176 1957 barbara
1198 1896 1300 1966 telius,

376 1996 452 2067 Quin
474 1997 603 2055 animum
627 1994 705 2055 colat
727 2004 756 2055 ct
778 1996 922 2058 {ineundis
943 1996 1058 2058 artibus
1080 2007 1178 2071 ornet,

326 2118 361 2157 rso
376 2095 452 2155 Solis
474 2096 577 2158 deberi
600 2096 686 2157 nobis
710 2115 797 2157 nemo
819 2106 906 2177 neget
929 2115 1068 2176 usquam:

375 2199 446 2260 Esse
470 2199 559 2259 rudes
582 2199 670 2277 igitur
693 2200 847 2278 quisquam
872 2217 926 2259 nos
948 2198 1027 2260 dieat
1049 2208 1078 2260 et
1100 2203 1186 2262 istam

374 2301 510 2376 Segniter
532 2309 646 2360 retentem
669 2300 737 2360 duci
760 2300 805 2360 rel
828 2303 856 2361 in
880 2301 944 2362 ocia
966 2300 1079 2380 lapsos,

374 2402 449 2462 {torn
472 2404 548 2463 sinat
570 2403 646 2462 trane
669 2401 770 2472 nobiS,
795 2402 845 2463 ubi
867 2401 1011 2464 ademerit
1033 2403 1147 2473 omnia,
1171 2403 1299 2467 taudem.

769 2541 863 2583 rmus.

372 2711 492 2786 Quumque
515 2713 560 2767 diu
583 2730 662 2768 nemo
685 2712 816 2786 perituris
838 2713 920 2768 edere
941 2712 1043 2770 cirartis

370 2799 467 2854 Posset
489 2807 517 2853 et
539 2798 565 2853 in
588 2799 687 2852 inuitas
711 2799 746 2853 ita
770 2800 869 2872 passim
893 2801 1014 2853 emittere
1035 2807 1145 2873 gentes.

323 2901 359 2939 inii
374 2884 425 2938 Per
447 2901 499 2938 nos
521 2900 574 2938 uua
597 2883 655 2938 dios
679 2883 705 2937 in
729 2883 801 2939 mitte
824 2881 962 2939 volumina
984 2885 1107 2958 profert:

371 2969 432 3024 Hoc
455 2977 559 3024 territum
582 2976 637 3030 ost,
661 2969 736 3039 quod
756 2967 779 3022 si
801 2977 912 3023 cunctas
931 2973 1093 3040 pensaveris
1115 2978 1203 3033 artes.

323 3050 327 3061 ‘
371 3053 435 3109 itata
459 3071 528 3127 quus
551 3055 623 3109 acics
645 3052 805 3125 Latiumque
828 3055 929 3109 deuenit
950 3070 1075 3118 acumen,

370 3139 514 3194 lucernas
536 3154 629 3194 cinnes
651 3139 701 3194 linc
723 3137 840 3194 utilitato
863 3139 997 3195 minores:

369 3223 445 3279 Nnnc
467 3224 609 3298 quisquam
634 3224 791 3278 innumeros
814 3223 894 3279 etiam
917 3223 950 3279 de
972 3240 1091 3297 paupere
1116 3223 1195 3281 turba

319 3325 355 3363 too
370 3308 472 3380 Exiguo
495 3317 573 3381 parat
595 3325 648 3362 rure
670 3306 770 3370 libros,
793 3316 821 3362 et
843 3324 955 3364 munere
976 3317 1073 3365 nostro

368 3392 551 3466 tlorrscquitur
573 3392 655 3448 decus
678 3392 779 3464 ingenii
802 3409 939 3467 parvoque
962 3392 1055 3451 daborc

368 3477 460 3532 ttinnia
484 3476 524 3532 rei
547 3494 596 3551 per
618 3494 647 3532 se
669 3476 742 3550 (qum
766 3477 848 3550 longo
871 3477 1024 3535 delitisceret
1046 3496 1096 3536 usu

369 3561 400 3618 Et
423 3561 496 3635 vigili
519 3579 582 3617 curn
606 3579 758 3636 somnoque
780 3563 936 3619 carentibus
959 3563 1046 3636 boris)

366 3647 487 3709 imbibit:
512 3648 563 3703 boc
587 3656 690 3703 tantum
712 3656 768 3710 est,
793 3655 823 3703 ut
846 3647 919 3721 quod
942 3665 1012 3705 nunc
1035 3648 1124 3705 omnia
1146 3647 1237 3722 plenis

317 3748 353 3787 in»
368 3733 427 3788 Sint
448 3741 579 3804 congesta
601 3732 687 3794 libris,
710 3741 740 3789 ut
764 3732 836 3806 quod
859 3751 931 3790 nune
953 3733 1052 3808 oppida
1073 3733 1171 3791 doctos

365 3819 465 3873 Cuncta
489 3818 563 3873 viros
585 3818 719 3886 babeant,
743 3817 816 3891 quod
837 3817 911 3874 uuila
933 3818 972 3874 ita
993 3817 1107 3875 barbara
1130 3817 1213 3876 teitus

365 3902 470 3974 Quique
491 3903 607 3958 animum
630 3903 703 3959 colat
724 3911 753 3958 et
773 3903 901 3958 secundis
922 3901 1028 3960 artibus
1049 3912 1143 3967 ornet,

367 3988 463 4042 coron
486 3987 577 4042 deberi
600 3988 679 4044 nobis
701 4004 781 4043 nemo
804 3996 889 4060 negot
911 4005 1039 4063 usquam:

366 4072 429 4127 Esse
452 4073 532 4127 rudos
556 4072 641 4143 igitur
663 4072 807 4146 quisquam
830 4090 881 4129 uos
902 4072 975 4130 (licet
997 4081 1025 4129 ct
1047 4073 1126 4129 istam

317 4173 353 4211 nn
368 4158 495 4229 segniter
516 4166 623 4215 aetatem
646 4158 708 4215 duci
730 4157 772 4214 rel
796 4159 823 4213 in
846 4159 907 4219 ocia
927 4158 1034 4233 lapsos,

363 4244 429 4299 {turn
452 4243 523 4298 sinat
545 4243 612 4298 trorrc
634 4242 714 4300 nobis
738 4242 794 4316 (ubi
817 4243 967 4318 dempserit
988 4240 1087 4320 omnia)
1109 4241 1226 4300 laudern.

761 4378 854 4421 murs.

160 4445 358 4456 ——n—

230 4512 260 4543 ¹⁶⁵
279 4515 315 4563 cf.
330 4514 417 4562 lmen.
431 4516 483 4559 ent.
498 4510 519 4560 1.
539 4510 575 4559 18.
632 4507 663 4542 ¹⁶⁸
681 4507 770 4573 Quod}
791 4511 924 4560 inuentum.
978 4508 1011 4542 ¹¹⁶
1029 4508 1095 4574 boe]
1113 4511 1248 4564 inuentum.

228 4627 259 4660 '²⁸
281 4633 419 4695 periturus
441 4634 462 4678 1.
533 4629 566 4662 ¹⁴²
589 4628 673 4696 Quin]
698 4602 783 4695 Quiqj
803 4634 825 4679 1.
855 4632 904 4680 aed
925 4632 1054 4696 dependam
1077 4647 1135 4681 ecee
1152 4631 1227 4693 Quin
1250 4633 1300 4681 ian
1322 4639 1370 4682 net.
1387 4643 1441 4678 nar.

159 4717 274 4776 nremplo
292 4732 345 4766 meo
364 4717 450 4764 uidcor.
506 4711 538 4745 '⁸³
558 4717 702 4765 ‘Vadinnna
720 4720 805 4781 neget
822 4717 900 4779 tepit'.
918 4722 968 4765 eet.
980 4732 1012 4767 m.

612 4847 1005 4866 ---—--—-———
