3270 5354
168 334 241 405 462
256 363 345 399 error.
357 363 496 400 vasconis
507 363 612 398 cauom
623 363 722 399 cvsanr
734 364 768 398 oa
779 363 1126 400 sxrsr.crsron.cvrneo1
1138 365 1171 400 er
1182 365 1287 401 cavan.
1296 364 1426 401 sueonos.

167 525 252 598 ipsam
276 540 347 579 nunc
369 521 565 596 spectabimus:
589 521 719 577 llartinus
736 521 886 584 botherus,
910 521 991 578 bomo
1014 522 1076 578 vitae
1099 521 1238 596 probitate
1260 524 1359 580 eximie
1373 523 1456 581 clanis

166 618 194 664 et
217 608 346 664 solidiore
371 606 508 680 theologia
531 606 630 663 nemini
654 606 801 668 socundus,
825 607 1039 680 quinquennium
1062 607 1160 664 abhinc
1182 608 1285 682 spiritu
1306 609 1407 665 domini
1428 627 1456 666 eo

167 701 276 750 evectus
299 701 355 753 est,
379 700 410 747 ut
431 692 584 748 Christiano
607 692 704 748 ellectu
727 690 855 747 mortales
880 693 969 747 iuvare
993 692 1019 747 in
1043 709 1107 748 vero
1130 692 1175 748 dei
1191 691 1270 750 cultu
1293 695 1413 751 animose
1432 703 1457 750 et

166 786 325 834 constanter
347 777 478 850 prodiret.
507 776 600 833 nullus
628 779 700 833 enim
729 776 755 833 in
778 776 984 833 Christianismo
1015 777 1066 832 iam
1089 776 1206 851 angulus
1228 795 1300 852 pene
1323 779 1455 841 extiterat,

167 862 213 919 ubi
242 878 297 918 non
326 862 480 917 Christiano
510 863 626 917 candore
656 861 775 918 extincto
804 861 870 917 nihil
900 879 953 918 non
983 863 1128 918 commenti
1152 862 1292 921 inductum
1315 871 1404 920 esset:
1425 863 1473 920 det

166 947 279 1008 Christi,
315 964 357 1002 mc
386 945 507 1007 hercles,
544 947 716 1003 institutione
745 956 847 1022 praeter
875 947 1013 1003 bracteata
1042 947 1105 1003 nudi
1136 947 1210 1003 tituli
1240 948 1359 1005 tectoria
1387 947 1455 1004 aliod

166 1033 223 1088 fere
246 1031 411 1087 habebamus
434 1031 516 1094 nihil;
541 1049 595 1104 quo
618 1032 705 1087 eiecto
728 1050 801 1088 mera
818 1033 940 1088 humanae
956 1031 1076 1088 libidinis
1099 1032 1222 1106 tyrannis
1238 1033 1267 1088 iu
1290 1033 1384 1090 locoru
1407 1041 1455 1089 tam

166 1117 275 1190 augusti
298 1117 375 1189 regni
390 1115 537 1172 substituta
555 1117 655 1190 passim
671 1126 826 1190 grassatur,
850 1116 966 1178 Christo,
982 1120 1165 1190 paupertatis,
1188 1118 1361 1181 concordias,
1386 1118 1456 1192 pacis

165 1211 193 1257 et
216 1199 397 1276 spiritualium
421 1202 553 1274 magistro
592 1200 716 1275 relegato
756 1202 893 1262 avariciae,
923 1202 1102 1265 seditionum,
1130 1219 1231 1276 pugnae
1258 1211 1288 1259 et
1308 1202 1455 1260 cannabum

165 1287 262 1343 doctor
283 1286 426 1342 beviathan
457 1286 483 1340 in
511 1285 651 1342 ecclesiam
680 1287 826 1343 advocatus
848 1295 904 1342 est:
938 1288 976 1342 sic
997 1288 1115 1360 pereatis
1143 1287 1261 1349 uostris,
1293 1287 1396 1362 quibus
1416 1299 1483 1344 aeti

149 1375 272 1446 'ceptum
303 1379 346 1426 tot
375 1370 529 1426 seculorum
560 1371 658 1427 malum
682 1372 841 1432 referimus,
870 1373 956 1426 iratus
984 1389 1034 1445 per
1063 1389 1148 1428 anuos
1175 1371 1313 1446 plurimos
1335 1373 1455 1429 Christos

165 1465 218 1512 tam
246 1455 403 1529 benigniter
436 1454 469 1512 ab
497 1456 604 1528 integro
637 1457 765 1512 misertus
787 1458 909 1513 discussa
931 1474 1058 1512 errorum
1079 1455 1195 1529 caligine
1219 1457 1343 1514 veritatis
1372 1456 1453 1514 soleio

165 1541 264 1597 mundo
288 1541 419 1602 reddidit,
443 1547 470 1596 et
503 1540 621 1596 divinum
650 1543 831 1614 evangelium,
860 1539 1022 1615 aliquamdiu
1045 1550 1075 1596 ut
1097 1542 1255 1615 protritum,
1278 1559 1330 1599 uec
1352 1542 1454 1616 sapien·

107 1629 222 1682 §.atum
250 1627 368 1698 ingeniis
394 1624 519 1697 dignum,
555 1626 581 1680 in
609 1626 723 1683 ecclesia
745 1627 931 1701 antiquatum,
965 1626 1105 1700 predicari
1134 1626 1236 1700 passim
1257 1625 1355 1684 voluit.
1393 1626 1453 1694 Quae

165 1729 228 1772 res,
251 1728 312 1767 ovim
329 1727 472 1784 procerum
488 1709 644 1772 ambitioni,
665 1703 670 1789 l
690 1712 784 1784 quide
807 1710 927 1767 ecclesiae
951 1710 1062 1767 habenis
1085 1710 1228 1768 immodice
1250 1711 1409 1785 gloriantur
1428 1719 1480 1766 etta

164 1794 270 1852 fulmini
294 1812 375 1869 posse
398 1795 532 1868 imperare
556 1811 616 1851 sese
638 1796 742 1870 populo
766 1798 880 1858 iactant,
915 1796 1046 1851 amaroris
1075 1813 1130 1853 nou
1151 1813 1250 1870 parurn
1281 1795 1398 1853 allatura
1419 1797 1454 1849 ri·

163 1881 287 1942 (leretur,
311 1880 481 1935 sacerdotum
504 1888 531 1935 et
556 1880 712 1954 pontificum
729 1881 870 1937 avariciam
894 1884 920 1936 in
936 1889 1013 1954 parte
1029 1881 1175 1942 derasura.
1192 1882 1312 1955 quaestui
1327 1881 1452 1942 Romano,

164 1983 218 2039 quo
242 1965 406 2021 nundinatus
428 1964 587 2020 Christianae
610 1967 720 2039 pietatis
743 1967 831 2040 pudor
857 1964 995 2021 vilissimis
1018 1965 1158 2039 quibusvis
1178 1966 1372 2040 prostituitur,
1400 1982 1453 2025 uto·

164 2051 226 2106 dum
249 2050 365 2124 aliquem
389 2050 598 2124 praescripturo,
623 2068 675 2107 uon
698 2051 789 2124 potuit
812 2053 864 2107 hoc
885 2050 1037 2107 carcinoma
1058 2049 1224 2113 cauterium,
1247 2050 1297 2107 ubi
1320 2050 1348 2107 iu
1370 2051 1452 2107 vivum

163 2135 287 2209 pertrudi
314 2143 432 2208 coeptum
454 2143 510 2196 est,
540 2136 676 2209 perferre:
711 2153 855 2193 occurrere
878 2135 1023 2191 molientes
1045 2135 1156 2192 lutheri
1180 2135 1283 2211 scripta
1306 2143 1335 2191 et
1354 2135 1478 2192 doctri-rt

163 2238 238 2281 uam,
262 2229 337 2276 extra
360 2220 531 2292 evangelium
546 2221 645 2276 Christi
661 2221 728 2276 nihil
745 2220 860 2284 olentia,
883 2222 997 2295 perdere
1013 2220 1194 2293 ignominiose
1210 2228 1287 2277 vecta
1302 2220 1453 2281 tenderunt.

163 2306 215 2362 hoc
236 2306 316 2361 modo
339 2306 396 2361 suis
418 2304 558 2362 fraudibus
579 2305 734 2362 consultum
763 2307 796 2362 iri
820 2306 992 2362 arbitrantes.
1021 2313 1141 2380 coeptum
1170 2312 1213 2361 est
1240 2313 1325 2380 caput
1345 2305 1453 2362 botheri

66 2426 68 2430 -
163 2391 229 2446 diris
245 2391 365 2446 Romano
381 2390 511 2464 episcopo
527 2390 659 2452 devoveri,
683 2392 769 2447 virum
792 2400 914 2447 sanctum
932 2388 1079 2465 impietatis
1101 2390 1161 2446 labe
1176 2389 1337 2446 insimulare
1350 2391 1452 2451 conatu

163 2492 224 2548 quae
246 2475 397 2531 Christiana
419 2474 462 2530 vel
484 2475 544 2549 ipso
566 2476 675 2531 Christo
698 2477 812 2532 docente
835 2476 959 2532 omuibus
982 2483 1120 2550 comperta
1142 2483 1207 2532 sunt
1229 2476 1350 2550 scripta,
1373 2475 1453 2531 olleo·

162 2561 248 2616 sionis
272 2577 330 2620 rea.
359 2559 501 2616 erroribus
525 2562 657 2617 scatentia
684 2569 712 2616 ot
733 2561 859 2619 haeretica
881 2562 1057 2618 condemnata
1080 2568 1158 2618 sunt:
1188 2576 1243 2616 oon
1267 2567 1362 2635 potest
1384 2560 1479 2617 enimn

163 2663 223 2718 quae
246 2645 345 2700 Christi
368 2653 446 2707 sunt,
478 2646 550 2701 lerre
572 2644 663 2703 llelial.
699 2645 771 2702 Hanc
793 2663 885 2703 curam
907 2647 1031 2720 pessimis
1060 2645 1165 2701 artibus
1187 2646 1289 2719 exequi
1312 2643 1454 2701 subierunt

161 2730 325 2786 llominicani
341 2731 478 2792 monachi,
502 2731 623 2804 hphrum
638 2730 752 2793 malum,
775 2732 886 2806 antiqua
902 2732 1049 2805 pernicies,
1064 2731 1159 2788 ducem
1180 2729 1268 2786 secuti
1283 2729 1453 2791 areanorum,

162 2813 227 2870 anili
250 2815 390 2871 dicacitate
413 2815 545 2878 nobilem,
570 2833 649 2888 quern
672 2817 808 2873 Romanus
830 2817 957 2872 sacerdos
978 2817 1011 2871 ad
1035 2817 1093 2872 brec
1114 2813 1184 2872 mala
1204 2815 1358 2871 enutritum
1379 2813 1454 2870 uobis

108 2899 232 2961 §.turbe
255 2901 409 2956 saevientem
433 2901 473 2955 his
496 2900 593 2957 diebus
616 2902 697 2957 misit.
733 2902 830 2957 borum
855 2918 937 2975 opera
960 2901 1140 2957 Lovanienses
1169 2898 1355 2974 theologastri
1378 2909 1454 2956 aeter·

166 3002 229 3040 omn
246 3003 343 3042 nomen
362 2985 412 3041 sibi
429 2993 605 3059 pepererunt,
622 2994 649 3042 et
665 2985 835 3042 Coloniensis
852 3004 999 3059 synagoga,
1024 2985 1075 3042 iarn
1090 2982 1242 3042 lleucblino
1258 2992 1287 3040 et
1302 2984 1415 3058 ingenio
1429 2991 1482 3039 etet

162 3068 267 3126 bonore
289 3071 380 3143 dignis
402 3069 543 3126 coloribus
565 3071 652 3143 picta,
675 3071 805 3127 maiorem
829 3072 924 3127 lamam
948 3079 1026 3127 nacta
1047 3079 1097 3126 est.
1127 3069 1226 3127 bleusis
1249 3077 1293 3125 ost
1317 3087 1380 3126 eum
1397 3069 1453 3125 boo·

160 3156 287 3211 chantum
314 3163 342 3211 et
369 3153 578 3211 temulentorum
608 3172 684 3212 more
717 3156 823 3211 viratim
855 3156 1048 3228 hostialimque
1079 3173 1129 3230 per
1156 3169 1251 3211 omues
1280 3154 1452 3229 angiportus

160 3240 232 3296 aedes
248 3248 275 3297 et
296 3241 383 3296 dietas
406 3258 499 3296 omnes
521 3241 621 3314 passim
644 3241 829 3297 discurrerent
851 3241 877 3295 id
899 3258 985 3313 genus
1007 3239 1174 3302 nebulones,
1197 3246 1281 3313 atque
1296 3257 1371 3296 nuuc
1385 3240 1454 3296 hunc

160 3342 232 3381 nunc
245 3324 322 3381 illum
337 3325 478 3381 ambiendo
495 3325 713 3399 praebensareut,
730 3332 760 3380 ut
776 3326 882 3381 inventa
898 3324 988 3399 aliqua
1005 3327 1062 3381 suis
1073 3323 1144 3380 dolis
1157 3323 1314 3385 autoritate,
1326 3326 1453 3381 innocen·

159 3411 293 3465 tissimum
322 3419 349 3465 et
373 3409 564 3483 theologorum
587 3410 707 3466 omnium
731 3410 987 3466 Christianissimum
1010 3409 1159 3466 lutherum
1185 3408 1246 3464 labe
1268 3407 1361 3483 aliqua
1384 3409 1478 3465 inin-³⁵

99 3492 219 3550 §.tmiae
242 3495 427 3568 denigrarent.
464 3495 536 3551 boue
559 3494 678 3558 Christe,
710 3513 770 3568 quae
799 3495 1016 3551 Romanistarum
1045 3494 1210 3569 impudentia
1242 3491 1304 3549 orbi
1329 3502 1387 3550 tum
1417 3492 1450 3549 ibi

159 3579 291 3641 innotuit,
317 3597 376 3653 quae
393 3580 531 3636 temeritas
554 3588 580 3635 ot
603 3580 738 3636 dementia
760 3581 954 3636 monachorum
976 3581 1129 3652 comperta!
1153 3578 1268 3634 veritate
1292 3577 1362 3635 nihil
1378 3569 1452 3652 pote·

159 3783 187 3827 et
204 3793 337 3843 uesperum
356 3784 399 3829 est
418 3778 540 3841 focinus,
566 3779 687 3829 Coloniae
708 3794 829 3830 mensem
848 3779 950 3829 abhinc
969 3779 1157 3829 commissum:
1180 3777 1229 3827 nbi
1247 3792 1331 3842 quum
1350 3778 1396 3829 diu
1413 3782 1451 3827 te·

158 3863 339 3914 muleutorum
359 3868 388 3913 et
405 3864 607 3913 Borcbontium
625 3879 698 3913 more
718 3865 832 3914 vicatim
846 3865 1043 3928 hostiatimque
1062 3861 1079 3925 (,
1094 3861 1173 3918 adde,
1193 3863 1327 3928 rotatim)
1346 3865 1375 3913 in
1386 3862 1450 3912 urbo

158 3949 261 4013 passim
284 3949 481 4009 discurrerent,
508 3963 579 3997 nunc
598 3975 630 3983 —
648 3975 682 3984 -
700 3949 907 4013 proheusebnnt
929 3977 961 3986 -
980 3976 1012 3984 -
1036 3948 1186 3997 Martinam
1210 3946 1363 3998 Lutlrerum
1386 3947 1476 3996 labeo

156 4060 189 4070 -
207 4061 240 4068 -
258 4033 451 4099 denigramnt,
473 4039 501 4082 et
520 4034 578 4082 eius
597 4033 715 4098 scriptu,
737 4040 814 4083 extra
833 4034 1008 4100 evangelium
1027 4032 1129 4083 Christi
1147 4029 1217 4081 nibil
1236 4030 1356 4094 olentia,
1377 4034 1449 4096 iguo·

157 4119 272 4168 nriniose
292 4119 447 4184 perderent.
478 4119 538 4168 Non
557 4122 649 4183 potest
662 4119 734 4167 enim
748 4135 807 4183 quse
822 4118 926 4169 Christi
939 4124 1012 4182 sunt,
1032 4118 1104 4169 serre
1117 4116 1217 4168 Belial.
1241 4117 1320 4167 Bone
1335 4117 1447 4175 Christe,

156 4219 216 4267 quae
236 4203 408 4268 impudentia
426 4208 483 4253 tum
502 4204 541 4253 ibi
560 4204 620 4253 orbi
639 4204 773 4268 innotuit,
798 4209 902 4269 quanto
925 4203 1070 4254 temeritas
1087 4201 1288 4253 Monechorum
1313 4204 1448 4266 comperte

222 4372 233 4405 ²
252 4372 355 4439 quinq}
381 4379 498 4424 exeunte
518 4391 542 4423 a⁴
558 4373 631 4424 1520.
651 4374 697 4423 hic
720 4373 832 4424 libellus
855 4373 966 4439 prodiit.
986 4373 1028 4423 cf.
1042 4372 1120 4438 praef.
1193 4369 1214 4402 ¹⁹
1237 4372 1407 4421 carcinomia
1425 4371 1444 4416 1.

154 4457 176 4490 ²⁷
194 4457 324 4523 Aphrum]
343 4459 438 4508 Afrum
456 4459 513 4509 dici
536 4465 614 4524 puto,
648 4460 741 4520 „sicot
764 4460 885 4509 turbines
909 4475 942 4509 ex
960 4458 1055 4508 Africo
1077 4457 1210 4507 veniunt’'
1235 4456 1314 4518 (Issi.
1328 4456 1401 4505 xxt.
1414 4455 1444 4509 ll

155 4544 283 4593 Ceterum
302 4544 384 4592 diros
407 4542 569 4608 versipelles
593 4558 653 4593 esse
678 4544 765 4594 refert
783 4544 858 4595 Serv.
878 4544 993 4594 ndAon.
1008 4541 1142 4592 vrttes.
1212 4539 1234 4572 ²⁹
1254 4543 1407 4591 seuientem
1424 4541 1443 4585 1.

154 4626 176 4658 ³⁰
194 4644 338 4693 synagoge
360 4629 463 4678 dicitur
485 4626 658 4677 Coloniensis
681 4628 870 4694 theologorum
894 4627 991 4678 schola
1014 4643 1070 4677 nou
1091 4631 1205 4692 propter
1226 4625 1443 4691 Pepericornuro,

155 4711 202 4760 sed
222 4729 255 4761 ex
273 4713 372 4762 hlottb.
388 4714 433 4762 Vl.
446 4716 470 4761 ⁶2.
485 4713 544 4762 sive
563 4713 676 4777 Apocnl.
692 4713 728 4764 11.
740 4713 764 4764 9.
818 4712 839 4745 ³⁴
859 4714 1010 4763 autoritate
1032 4716 1054 4762 1.
