3270 5354
162 88 175 159 ί
186 90 233 161 50
258 117 382 155 mulli
390 117 428 155 Al)
436 116 503 155 088.
511 116 722 155 mulinum
731 116 768 153 Π
777 116 889 153 BHM!
896 116 928 155 ΙΙ
937 115 1065 153 Vllum
1075 116 1193 163 nime·
1199 118 1463 162 ΙΙΙΟΙΤΔΤΟΙΠΙ.

360 273 524 346 Quinetiam
547 270 690 351 obsequio
711 271 763 333 tibi
784 273 956 335 coniurasse
976 272 1077 333 futuro

310 395 347 436 sse
447 374 554 437 Notum
577 381 621 435 est
643 380 673 436 et
691 374 806 435 dextris
828 373 923 434 imitus
945 374 1034 436 inisse
1055 374 1146 443 deus,

360 477 398 537 Ut
419 478 443 536 si
464 494 544 537 nunc
565 477 723 555 quicquam
745 493 800 554 pro
822 482 852 537 te
874 477 973 537 minus
994 477 1090 553 egerit
1110 495 1247 558 equum,

445 577 559 639 Ponticis
581 578 637 638 diis
658 577 729 657 ipsis
751 577 875 640 testibus
896 595 977 638 armo
1000 585 1093 654 germ

360 681 502 741 Traxeret
523 680 601 740 Eoos
624 679 802 741 ituraeorum
825 681 856 739 in
879 697 948 740 rurs
972 679 1120 742 Bohemos

309 803 347 846 sss
443 782 507 843 Dux
528 781 639 850 Rheni,
663 791 692 842 et
714 798 820 858 magno
843 790 888 843 cst
909 799 983 860 gens
1004 790 1179 862 impresso
1202 792 1297 846 metu:

362 882 443 944 lllico
466 881 588 944 sublatis
611 885 785 945 commisces
806 882 906 963 prelis
928 884 1034 960 signis,

446 984 559 1064 Vixque
581 993 632 1045 tuo
653 985 773 1046 tandem
795 984 886 1046 milite
909 993 1010 1063 septus
1031 988 1117 1057 odes,

364 1087 488 1158 Quando
503 1106 594 1149 unum
610 1086 652 1166 (ut
668 1087 744 1148 lanne
760 1086 812 1167 cst)
830 1087 943 1150 medios
956 1088 1042 1150 furor
1056 1090 1117 1167 egit
1130 1091 1160 1151 in
1176 1090 1277 1152 liosies

312 1212 350 1253 sou
446 1189 610 1250 ludentem
632 1191 727 1269 prima
751 1208 910 1251 conserere
932 1207 1015 1251 erma
1036 1191 1099 1253 scie

362 1292 534 1370 Ingentique
555 1291 653 1351 animo
675 1290 818 1369 populum
841 1290 962 1355 turbere
981 1293 1129 1364 ferocem,

448 1393 520 1455 Cum
543 1395 600 1453 ism
621 1392 749 1455 telorum
771 1400 874 1472 septus
895 1392 933 1455 ab
956 1393 1051 1457 imbre
1073 1394 1162 1457 iores.

363 1497 437 1557 Hinc
459 1494 581 1573 spolidis
603 1494 684 1555 dives
706 1513 842 1574 caesoqne
864 1514 899 1556 ex
922 1495 1006 1557 hoste
1027 1503 1180 1576 superstes

312 1619 350 1660 nse
445 1598 538 1657 Morte
561 1595 684 1671 Palatini
707 1602 803 1657 castre
825 1595 917 1658 leonis
939 1599 1011 1659 aclis.

363 1699 496 1770 Quorum
519 1717 573 1759 cnr
595 1698 744 1759 modicum
766 1697 840 1758 livor
862 1699 915 1759 tibi
937 1700 1044 1778 pendat
1065 1701 1225 1772 honorem.

449 1801 536 1873 Quod
557 1819 634 1880 pene
655 1801 685 1860 in
708 1801 803 1879 patrio
826 1810 871 1862 est
892 1819 941 1863 res
962 1801 1016 1863 tihi
1037 1811 1119 1882 gesto
1141 1803 1221 1876 solo,

363 1993 432 2060 Quin
455 1993 535 2051 etiem
558 1991 689 2066 obsequio
713 1990 761 2047 tibi
783 1992 940 2049 coniurasse
962 1993 1055 2050 intnro

447 2076 546 2132 lictum
569 2084 611 2132 est
633 2084 661 2131 et
683 2075 779 2132 dextro
802 2075 890 2133 imdus
913 2077 995 2136 inisse
1018 2078 1095 2141 dete,

366 2163 398 2218 Ut
420 2162 443 2217 si
467 2179 537 2218 iiunc
559 2160 703 2235 quicquam
726 2178 777 2235 pro
802 2169 827 2218 te
850 2162 938 2219 minus
961 2165 1048 2238 egerit
1068 2178 1192 2239 equum,

313 2264 351 2304 css
447 2245 549 2303 Pericle
571 2246 623 2303 diis
646 2245 712 2322 ipsis
735 2245 851 2304 testibus
873 2265 945 2304 arma
968 2257 1053 2323 geret.

363 2334 493 2390 Duceret
515 2331 587 2388 Eoos
609 2335 636 2387 in
660 2332 765 2388 Norica
786 2335 883 2405 lupera
900 2334 1005 2390 'Bomos

449 2418 503 2473 lini
526 2417 627 2481 lilicni,
651 2425 679 2473 et
700 2434 799 2491 magno
822 2425 864 2474 est
885 2434 953 2492 gens
976 2427 1023 2477 tna
1044 2436 1137 2494 pressa
1160 2428 1250 2478 metu:

364 2503 439 2559 lllico
462 2501 577 2559 sublatis
598 2503 739 2558 committis
761 2501 854 2578 prelis
877 2505 977 2578 signis,

313 2604 352 2646 nst
450 2587 552 2661 Vixque
574 2594 622 2644 tuo
646 2586 752 2644 tandem
776 2587 862 2644 milite
885 2596 980 2663 septus
1001 2589 1078 2647 edes:

366 2674 421 2729 Hic
444 2689 527 2729 unum
551 2667 590 2747 (ut
614 2672 683 2728 inme
706 2669 757 2750 est)
780 2672 883 2728 medios
907 2672 983 2730 furor
1005 2674 1061 2747 egit
1083 2675 1109 2730 in
1132 2676 1243 2740 hostes.

451 2759 561 2814 Diceris
582 2764 608 2813 et
624 2760 736 2831 primns
757 2759 930 2814 conseruisse
950 2774 1049 2814 tironus

367 2844 528 2919 Ingentique
551 2843 640 2899 animo
663 2841 780 2917 populos
798 2841 910 2915 sudum
927 2843 1047 2909 feroces,

253 2988 256 2999 ,
316 2913 355 2956 ³³⁶
450 2929 515 2985 Cum
539 2929 589 2985 ism
613 2927 729 2984 telorum
751 2934 847 3002 septus
868 2927 902 2985 ab
925 2927 1011 2985 imbre
1034 2929 1122 2994 iores;

368 3015 518 3084 (inunctinm
539 3029 576 3069 ex
598 3029 696 3087 compo
718 3030 772 3070 non
794 3015 834 3071 uis
856 3015 1004 3070 redducier
1025 3016 1084 3085 ilio,
1156 3010 1159 3017 ’

450 3101 545 3156 Donec
568 3101 595 3154 in
617 3099 693 3154 hoste
714 3115 798 3154 senum
821 3115 876 3154 non
897 3100 981 3172 liquet
998 3114 1058 3154 esse
1074 3102 1172 3157 vinem.

367 3184 434 3242 ilinc
456 3185 553 3259 spoliis
575 3184 648 3240 dives
670 3200 797 3257 oaesoque
819 3200 851 3240 ex
873 3185 952 3241 hoste
974 3191 1115 3259 superstes

312 3285 351 3325 nso
449 3270 516 3325 lure
537 3269 687 3325 Palatinum
709 3270 797 3327 tendis
815 3270 886 3324 inire
906 3270 1012 3325 «iucem.

366 3355 444 3422 Quod
461 3371 515 3410 riou
532 3356 620 3425 pluro
646 3357 685 3410 tui
702 3354 795 3427 fecisti
814 3361 936 3427 tempore
956 3356 1048 3426 requi.

449 3440 486 3495 Et
504 3456 573 3514 pene
596 3439 623 3494 in
645 3440 737 3515 petria
759 3447 802 3496 est
823 3456 868 3496 res
892 3439 939 3496 tibi
962 3447 1039 3512 geste
1060 3446 1123 3511 tun,
1397 3456 1450 3508 (soe)

232 3626 265 3660 ⁵⁸²
289 3627 426 3692 Repertus
451 3622 609 3684 Palatinus,
640 3621 763 3688 Philippi
791 3621 921 3673 electoris
947 3621 1034 3686 lilius,
1065 3621 1179 3689 Georgii
1205 3624 1302 3676 divitis
1327 3625 1450 3677 severis

163 3711 383 3764 Lendshntensis
401 3708 479 3760 ducis
498 3708 527 3770 (†
541 3706 627 3770 1503.)
647 3722 740 3772 gener,
760 3707 795 3757 ab
814 3708 867 3759 hoc
885 3723 981 3758 socero
999 3723 1048 3759 sno
1065 3707 1147 3760 heres
1164 3711 1293 3776 scriptus,
1314 3725 1377 3761 cnm
1393 3726 1450 3763 sen·

164 3799 284 3849 tentiam
301 3795 471 3862 imperialem
490 3793 515 3844 d.
529 3791 570 3842 20.
583 3793 648 3858 Ape.
662 3808 687 3842 s.
704 3791 777 3845 tuot
795 3793 831 3842 do
847 3792 1003 3843 hereditate
1023 3793 1181 3861 Georgiens
1198 3794 1235 3846 sd
1254 3794 1392 3862 angustos
1409 3794 1450 3846 sl-

164 3884 273 3935 bertnm
284 3880 536 3947 Woligungnmqno
548 3877 857 3949 Monechienoesfldnces
868 3878 1023 3944 pertinente
1041 3894 1096 3930 non
1114 3878 1308 3945 adgnosceret,
1328 3896 1391 3932 cnm
1406 3895 1450 3947 ps·

166 3974 207 4020 tre
225 3967 355 4034 Philippo
378 3964 548 4033 proscriptus
566 3963 603 4013 sb
621 3963 686 4029 imp.
700 3963 788 4014 hostis
805 3963 914 4029 imperii
932 3963 1090 4015 decisretns
1106 3963 1243 4017 Bohemos
1261 3966 1392 4017 mercede
1408 3965 1450 4015 de-

166 4054 293 4107 fensores
310 4052 365 4103 sibi
385 4050 529 4111 coniunxit,
555 4062 623 4114 quos
646 4048 718 4113 epod
735 4048 918 4100 Rutisbonnm
936 4047 1143 4099 Maximilienns
1161 4049 1246 4113 indit,
1271 4055 1457 4116 quattuorque-

167 4138 348 4200 exeroitibns‚
373 4151 484 4202 qnorum
507 4150 589 4184 unum
612 4134 673 4200 ipse
696 4133 786 4196 duxit,
810 4133 1001 4185 Psletinstnm
1023 4133 1133 4185 invasit.
1168 4134 1310 4188 Defuncto
1335 4137 1451 4203 liuperto

140 4255 144 4262 -
168 4222 204 4285 (d.
220 4221 261 4272 20.
275 4222 344 4290 Aug.
358 4238 383 4274 s.
400 4219 486 4286 1504.)
505 4220 653 4286 imperator
670 4234 767 4285 pacem
791 4219 916 4270 omnibus
934 4218 1034 4270 indixit
1052 4222 1081 4270 et
1098 4221 1127 4279 in
1145 4220 1267 4272 comitiis
1286 4219 1458 4272 Coloniensi·

167 4306 219 4359 bus
236 4308 393 4372 insequenti
411 4311 511 4358 testate
530 4304 634 4355 habitis
651 4304 748 4355 divisis
765 4305 839 4356 inter
860 4310 954 4370 pentes
976 4305 1060 4356 terris
1080 4303 1212 4371 litigiosis
1230 4298 1344 4359 endem
1362 4321 1451 4357 recon-

170 4389 286 4442 ciliovit
305 4391 348 4442 Cf.
360 4391 448 4442 Suram.
463 4390 480 4441 1.
496 4407 519 4441 c.
533 4391 573 4451 §5-
587 4405 633 4439 xx.
646 4404 686 4454 sq.
739 4388 771 4421 ⁵⁹²
790 4391 832 4440 (ii.
847 4406 929 4456 snpra
949 4406 974 4441 v.
988 4389 1047 4440 534.

236 4472 270 4507 Μ
289 4491 386 4540 equom
405 4481 429 4526 1.
481 4475 515 4508 ³²⁹
533 4476 622 4525 Aooos
642 4479 664 4525 1.
718 4474 752 4505 ³³⁰
770 4477 872 4540 prmisu
892 4479 915 4525 1.
968 4474 1001 4507 ⁸³³
1020 4475 1088 4539 ungit
1107 4478 1137 4524 1.-
