3270 5354
1274 340 1283 359 1

328 396 432 432 casam
446 397 483 431 rx.
503 396 539 430 nn
553 395 647 431 arcon.
661 393 873 430 urascnnccvrr.
911 392 1015 428 acrum
1027 370 1052 428 s.
1072 392 1109 427 ro
1122 377 1277 428 cscroesrr'.
1397 363 1446 434 43

368 552 490 614 ‘Addam
512 551 609 610 auimo
631 551 707 610 vires
730 549 942 626 desperataque
964 566 1110 609 resumam

328 679 354 719 n
451 655 535 714 ‘Paeo
558 658 725 712 cruentatas
748 670 837 712 cansa
859 652 986 729 agitante
1007 652 1100 717 iaces;

368 755 505 818 ‘drnratm
528 752 638 814 titanas
660 753 751 833 hydra
773 751 921 814 lambente
942 755 1076 830 sagittas:

453 857 598 918 ‘Forsitan
621 861 650 916 et
671 853 735 916 telis
758 855 892 916 concidet
913 854 962 916 ilie
984 855 1064 915 meis.

367 959 522 1040 ‘Quicquid
544 958 614 1028 erit,
638 957 754 1018 mallem
778 957 888 1036 privata
911 976 984 1037 pace
1007 957 1116 1018 teneri:

329 1088 354 1127 oo
451 1062 525 1123 ‘Nou
548 1060 615 1121 sinit
637 1059 700 1129 ilie,
723 1078 791 1120 suas
814 1060 973 1121 eiaculatus
994 1078 1074 1120 acus.

369 1167 402 1227 ‘T
405 1185 422 1228 n
445 1184 506 1232 me,
529 1181 568 1224 ne
590 1181 728 1233 noceam,
752 1164 909 1224 cessaverit
930 1161 992 1233 ille,
1015 1162 1170 1234 monebas,

452 1270 556 1345 ‘Atque
578 1265 677 1325 odiosa
700 1263 752 1325 tibi
774 1266 881 1345 scripta
904 1272 1024 1325 cruenta
1049 1266 1157 1328 refers:

312 1356 317 1365 ⁴
369 1370 429 1436 ‘ille
452 1367 522 1429 nihil
545 1374 639 1428 cessat
660 1367 803 1435 monitus,
827 1368 897 1427 nihil
922 1368 984 1427 ocia
1008 1374 1107 1436 curat,
1242 1400 1246 1407 ·
1284 1365 1450 1453 iffi&

330 1491 355 1533 or
450 1470 550 1548 ‘inque
574 1470 635 1528 dies
657 1468 742 1528 nobis
765 1468 929 1530 horridiora
953 1470 1055 1547 parat?

369 1573 438 1633 nae
461 1571 509 1632 nbi
531 1570 685 1631 tradideris
708 1568 777 1641 vati,
801 1589 864 1631 mea
888 1570 984 1639 Musa,
1008 1571 1175 1649 Thuringo,

454 1671 496 1732 nd
519 1690 583 1733 mea
606 1673 749 1750 rescripto
772 1658 901 1733 carmine
924 1680 999 1733 tecta
1022 1663 1093 1734 redi.

686 1859 842 1934 (Electa
871 1860 931 1935 Χ]

669 1976 718 2026 ΔΙ)
739 1976 950 2028 LECTOREM.

368 2099 487 2158 Lossius
509 2095 557 2157 hic
578 2115 661 2157 mens
684 2103 740 2166 est,
764 2095 827 2157 haec
851 2105 894 2158 est
915 2097 1034 2166 iniuria,
1058 2097 1165 2166 lecton

456 2199 514 2259 iam
538 2204 623 2278 potes
645 2200 674 2259 in
696 2217 783 2260 cansa
807 2199 916 2259 certior
939 2217 1003 2260 esse
1025 2219 1099 2261 mea.

369 2305 419 2362 Ast
441 2320 511 2378 ego,
535 2319 623 2379 quem
645 2300 737 2361 nroies
758 2303 896 2362 iamnunc
918 2302 1026 2381 premit
1047 2303 1101 2363 ista
1124 2301 1281 2368 maiorum,

344 2424 355 2463 r
452 2403 545 2474 Quem
569 2403 684 2463 fortuna
708 2422 761 2464 suo
785 2403 854 2464 iecit
875 2403 958 2465 abire
980 2411 1072 2480 statu,

368 2505 423 2576 Qui
445 2523 525 2566 nnnc
547 2510 589 2564 tot
611 2505 722 2567 nrorbis
745 2512 773 2565 et
795 2513 968 2586 paupertate
990 2508 1115 2586 nraiigna
1163 2497 1177 2521 ‘

452 2607 484 2667 ln
507 2606 610 2669 sordes
632 2606 733 2667 hurrriii
756 2609 922 2692 conditione
947 2610 1042 2683 seror,

369 2708 432 2769 Nou
456 2709 509 2769 tibi
532 2709 568 2769 de
592 2708 638 2769 vili
663 2708 776 2787 (procui
799 2709 869 2771 trine
891 2712 1051 2789 iactantiat)
1074 2711 1160 2790 vulgo
1291 2712 1453 2798 ffitssffi

342 2832 355 2868 a
450 2812 577 2882 Ernersi,
601 2814 690 2872 veteri
713 2820 865 2873 stemmate
889 2822 972 2873 natus
995 2834 1100 2894 eques:

369 2915 442 2976 Nota
464 2915 534 2974 satis
557 2921 638 2974 vetus
660 2921 704 2974 cst
726 2915 860 2974 liutteme
882 2914 973 2992 gloria
996 2919 1103 2994 gentis,

453 3017 525 3090 Nota
548 3017 617 3075 satis
640 3017 757 3092 generis
776 3008 847 3074 ⁴sunt
870 3025 1057 3077 monumenta
1080 3019 1151 3085 mei,

368 3120 509 3197 Insignita
532 3116 605 3176 ioris
628 3123 657 3176 et
678 3116 769 3176 reims
791 3116 941 3194 splendida
965 3121 1068 3195 gestis,

331 3245 355 3286 m
452 3219 488 3281 m
510 3236 654 3296 nusquam
678 3217 762 3277 fredis
784 3216 960 3277 ohnetndata
984 3220 1069 3278 notis.

368 3322 420 3384 nte
443 3323 529 3384 etiarn
552 3321 603 3397 qui
625 3338 673 3379 me
696 3302 810 3397 gennit,
835 3337 894 3378 nou
917 3318 1018 3399 orantia
1041 3327 1153 3381 tantum
1354 3319 1455 3406 tm

452 3425 547 3486 Gessit
569 3421 713 3482 honorato
737 3422 936 3500 permetuauda
960 3421 1040 3494 stilo,

368 3527 465 3588 nune
487 3525 577 3586 urbes
599 3523 680 3585 iilum
703 3523 792 3584 reims
815 3525 925 3602 petiere
948 3527 1102 3602 gerendis,

331 3651 354 3692 m
452 3627 579 3689 Consilio
602 3644 725 3704 magnos
747 3627 862 3687 adiurat
885 3625 931 3686 illd
954 3627 1058 3699 (iucem

368 3732 442 3793 Sunt
465 3739 494 3791 et
517 3748 589 3809 opes
612 3735 640 3789 et
662 3729 751 3806 digna
774 3730 837 3805 rico
860 3731 1005 3807 possessio
1028 3738 1124 3801 tanto,
1306 3727 1454 3812 iffiffim
1543 3749 1555 3773 v

452 3832 613 3910 Iunctaque
635 3830 783 3892 nobilibus
805 3830 880 3890 edita
903 3838 997 3893 mater·
1020 3835 1094 3894 aris:

368 3935 398 3996 Si
422 3934 517 3994 rideas
540 3951 638 4002 arces,
661 3933 686 3992 si
708 3935 821 3993 consito
844 3934 1001 3995 inordina
1025 3934 1119 4000 villas.

331 4058 358 4098 co
454 4035 567 4097 iurabis
588 4037 685 4114 magni
709 4036 852 4114 principis
873 4054 937 4096 esse
961 4037 1079 4104 domos;

369 4141 400 4201 Si
423 4140 563 4201 comitum
586 4136 718 4206 turbam,
741 4139 766 4199 si
788 4139 851 4198 iura
876 4117 1034 4199 domestica
1059 4157 1177 4209 cernas,

455 4239 516 4301 ‘ille
538 4237 644 4318 atiquo’
668 4239 749 4300 dices
772 4241 912 4318 ‘irrugitur
935 4239 1079 4318 irnperio'.

172 4383 369 4391 ——---

235 4479 257 4512 ⁵⁷
275 4481 342 4544 iiim
361 4483 383 4530 1.
437 4477 458 4509 ⁵⁹
481 4477 618 4542 Quidquid
636 4480 691 4527 23.
745 4474 766 4507 θ’
785 4477 843 4527 otia
861 4479 920 4527 2.3.

236 4564 301 4628 'itt
321 4570 343 4614 1.
412 4559 512 4626 ‘tescit
533 4565 555 4611 1.
625 4560 760 4624 ”gerrem
779 4564 801 4612 1.
873 4558 893 4592 ¹²
910 4560 971 4623 imis
985 4563 1008 4609 1.
1028 4560 1107 4609 faedio
1126 4564 1152 4611 3.
1222 4559 1362 4626 obnebul.]
1383 4568 1456 4612 metri

167 4665 245 4701 ennea
262 4649 312 4699 ridi
325 4650 389 4712 fecit
406 4648 505 4699 verdum
515 4653 602 4712 paeto.
651 4645 672 4677 ¹³
688 4647 762 4709 partin
781 4649 804 4695 1.
859 4643 879 4676 ¹¹
897 4645 967 4708 stylo
986 4648 1044 4697 Η.
1100 4642 1119 4675 ¹³
1137 4638 1227 4709 siluttr'
1245 4649 1268 4695 1.
1321 4645 1343 4678 ¹²
1359 4647 1455 4711 Diuitir

170 4736 195 4784 1.
247 4725 399 4799 ¹&attentant
416 4736 440 4785 1.
495 4731 515 4765 ¹⁸
533 4728 630 4796 mater]
650 4729 737 4781 oretria
754 4730 786 4781 ab
805 4729 949 4781 aceretem.
1297 4749 1301 4756 ·
1365 4738 1368 4742 ’
