3270 5354
197 83 266 155 144
285 112 408 149 immi]
421 113 457 148 ΑΒ
467 112 532 149 GM.
541 100 754 149 ΙΠῙΙΠᾸᾸΙΥΙ
767 113 802 149 Π
811 112 923 150 BHM!
933 113 963 149 ΙΙ
973 111 1099 150 ῚΙΙΙΊὉΒ
1109 112 1226 156 Hono.
1233 113 1490 151 ΙΣΙΟΙῊῚΟΙΠΙ.

394 269 550 330 Germane
571 267 685 327 virtutis
707 275 773 345 erut
792 285 897 345 gerere
919 284 1001 329 arma
1023 274 1188 345 repente‚·

343 356 381 397 ⁴⁸⁰
476 369 650 448 Quanquam
671 370 779 431 mdicta
803 367 917 439 torena,
940 387 1023 431 arma
1044 387 1164 430 morere
1187 371 1280 448 prins.

393 468 472 530 Proh
495 469 605 549 pudor!
628 471 670 530 ira
695 471 792 529 animo
814 469 934 538 subeat,
958 470 1112 531 clementia
1135 479 1247 538 cesset.

478 572 601 650 Unaque
623 572 660 631 sit
682 573 775 631 virtus
796 569 907 632 beilum
929 573 1030 632 iniisse
1052 573 1121 633 cito.
1146 648 1151 654 ι

394 671 548 741 Quondam
569 681 671 733 nostra
693 673 765 732 ioris
786 671 876 733 muita
899 675 1057 734 Germania
1078 673 1166 735 tande
1268 697 1271 700 ’

343 793 381 835 sss
478 773 621 835 Gentibus
643 776 757 834 invictis
779 776 898 835 nomine
921 783 1019 836 terror
1040 783 1117 837 erat:

395 874 480 935 Nunc
503 877 652 953 quatimur
674 877 760 936 toties
783 876 883 937 ricinis
905 877 1035 955 undique
1058 875 1144 937 bellis

478 977 515 1036 Et
537 979 596 1037 ruit
617 979 647 1036 in
669 976 795 1055 populos
816 977 955 1057 quaelibet
975 979 1018 1038 ira
1040 985 1116 1038 tuos.

395 1077 455 1137 Nec
479 1086 576 1139 temen
598 1079 652 1138 ista
675 1075 795 1156 loquor,
819 1098 879 1159 quo
900 1087 930 1139 te
954 1079 998 1138 bis
1020 1080 1049 1140 in
1072 1079 1192 1141 casibus
1213 1088 1280 1141 ante

342 1198 380 1239 ess
476 1180 610 1257 Unquam
633 1180 707 1240 utico
729 1198 835 1257 segnes
857 1182 953 1242 diuam
976 1180 1115 1243 babuisse
1137 1199 1258 1253 manns,

393 1283 451 1341 but
472 1280 577 1360 procui
599 1301 614 1342 a
638 1283 717 1342 curis
739 1283 837 1342 animo
858 1291 978 1361 torpere
1001 1284 1140 1354 remisso,
1260 1360 1264 1368 .

477 1385 624 1462 Armaque
646 1401 701 1461 pro
723 1385 827 1461 patriae
849 1383 926 1445 lenta
949 1402 1068 1445 movere
1090 1383 1185 1444 bono:

392 1484 500 1545 Notum
523 1494 567 1545 est
589 1488 724 1562 ingentes
746 1483 824 1546 beiio
847 1485 972 1546 subiisse
995 1484 1128 1556 labores,

340 1604 379 1645 esu
474 1586 582 1646 Notum
606 1596 649 1648 est
671 1585 845 1665 tranquillos
867 1605 926 1648 non
948 1586 1087 1648 babuisse
1108 1587 1187 1657 dies,

392 1687 514 1748 Suetum
536 1690 648 1748 anteire
672 1689 738 1749 luco
760 1706 917 1768 pugnaque
940 1691 1022 1750 exire
1043 1690 1192 1767 priorem.

476 1790 498 1849 F
502 1793 571 1866 ungi
593 1789 749 1870 aliquando
772 1792 878 1852 ducem
901 1789 1000 1851 militis
1022 1788 1134 1859 officio,

391 1891 573 1952 Gaudentem
595 1894 698 1953 castris
720 1901 749 1954 ot
771 1900 873 1972 aperto
896 1895 993 1953 vivere
1016 1891 1106 1952 ooelo:

339 2012 377 2054 aso
472 1993 529 2064 Oui
552 1996 616 2053 vite
638 1995 744 2056 modus
766 2002 811 2055 est
831 2012 897 2072 quae
917 1995 1068 2072 seriesque
1089 2000 1156 2053 tuae.

389 2093 468 2171 Ergo
490 2113 560 2173 ege,
582 2094 656 2156 livor
678 2096 765 2166 edax,
789 2096 924 2175 rapinum
947 2112 1102 2172 compesce
1123 2093 1278 2168 labellum,

474 2197 580 2258 Desine
602 2197 639 2257 de
661 2205 741 2259 tanto
763 2199 855 2259 tristis
879 2215 949 2275 rege
970 2195 1066 2276 loqui,

391 2297 496 2358 Desine
518 2300 667 2361 Caesareos
689 2298 789 2359 titulos
811 2297 1013 2378 pulchrosque
1034 2297 1168 2368 labores,

338 2419 377 2459 sur
472 2399 541 2461 Vilis
563 2400 667 2469 bomo,
692 2403 809 2479 spurcis
831 2401 1039 2462 comminuisse
1061 2398 1168 2461 labris:

389 2621 527 2690 Quondam
550 2633 645 2682 nostra
667 2625 736 2681 ioris
752 2627 898 2697 proeeluro
917 2627 1013 2696 putria
1034 2632 1124 2680 morie
1418 2643 1469 2695 (eu)

473 2709 603 2765 Gentibus
626 2711 733 2767 ini-ictis
755 2712 863 2767 nomine
886 2718 978 2766 terror
998 2717 1072 2766 eret:

388 2792 463 2849 Nunc
486 2795 624 2867 quatimur
645 2796 727 2852 toties
749 2797 844 2851 vicinis
868 2794 989 2868 undique
1010 2794 1091 2851 bellis

336 2892 375 2933 aus
471 2878 503 2933 Et
525 2880 580 2935 ruit
602 2880 629 2934 iu
652 2880 771 2954 populos
794 2878 921 2954 quaelibet
943 2881 982 2935 ira
1006 2888 1078 2934 tuos.
1419 2898 1470 2950 (rsit

389 2962 450 3018 Non
474 2972 561 3018 tarrren
585 2965 636 3020 isto
659 2964 772 3038 loquor.
796 2983 851 3039 qno
875 2973 901 3021 te
923 2965 974 3020 boe
995 2965 1022 3020 in
1043 2979 1160 3020 metuere
1181 2965 1273 3021 oscum

472 3048 588 3120 Semper
611 3049 703 3105 adbuc
722 3066 820 3124 segnes
842 3049 998 3106 exhibuisse
1017 3066 1114 3106 manus

386 3133 440 3188 Aut
462 3132 558 3206 procui
581 3153 595 3191 a
618 3136 690 3191 curis
712 3137 801 3191 auimo
824 3142 935 3208 torpere
957 3136 1073 3191 remisso

335 3231 373 3274 ase
469 3218 505 3273 Et
527 3225 552 3273 te
571 3236 623 3292 pro
642 3222 739 3291 putria
757 3221 877 3293 seguiter
898 3222 941 3276 ire
958 3226 1019 3276 uto:
1417 3235 1468 3287 (tw)

384 3301 484 3358 Notum
507 3312 549 3359 est
570 3305 695 3377 ingentes
716 3304 781 3361 belli
802 3304 919 3362 subiisse
940 3305 1082 3371 tumultus,

468 3387 567 3444 Notum
590 3398 632 3445 est
654 3389 817 3464 tranquillos
838 3406 978 3462 nunquam
1000 3388 1129 3447 babuisse
1149 3388 1223 3451 dies:
1417 3406 1469 3457 tant

385 3470 502 3545 Semper
522 3488 553 3528 es
574 3477 603 3529 in
622 3474 690 3530 bello
708 3478 884 3548 requiemque
904 3474 1067 3546 negantibus
1087 3477 1188 3531 orme:
1353 3490 1468 3543 (assuas

333 3572 373 3613 ass
467 3556 523 3613 Hie
544 3558 607 3615 vitae
630 3560 726 3616 modus
749 3570 807 3623 est,
829 3560 892 3615 boee
914 3559 1053 3633 seriesque
1076 3568 1140 3617 tuas.
1367 3616 1370 3621 ,
1415 3574 1468 3625 (sut

383 3639 455 3716 Ergo
477 3660 543 3716 age.
567 3642 636 3700 livor
658 3644 737 3708 edam
760 3644 884 3719 rapinum
905 3662 1048 3719 compesce
1070 3644 1213 3707 labellum,

467 3727 562 3785 Desine
582 3728 617 3786 de
639 3738 714 3786 tento
737 3733 830 3803 turpio
851 3746 917 3803 rege
939 3730 1030 3804 loqui,

382 3812 478 3869 Desine
500 3814 636 3873 Caesarcos
657 3814 755 3872 titnlos
776 3813 960 3890 pulchrosque
982 3814 1091 3872 iabores

330 3911 370 3953 sto
465 3898 622 3955 Detrahere
638 3908 664 3955 et
684 3901 785 3973 rupae
803 3902 982 3973 supposuisse
1004 3907 1073 3956 iuoe:
1416 3916 1468 3966 (su)

202 4096 207 4101 '
246 4092 281 4130 ⁴⁸⁸
298 4098 428 4163 quatinus
446 4101 473 4149 3.
497 4099 621 4163 quatitur
639 4102 664 4150 t.
732 4081 855 4162 ⁴⁸²'Qnid
872 4099 953 4162 mihi,
976 4100 1062 4150 Livor
1080 4098 1162 4157 edu,
1180 4097 1299 4164 ignavos
1317 4099 1405 4151 obicis
1423 4115 1467 4150 sn·
1512 4170 1516 4175 Ι

178 4180 247 4232 nne?
265 4180 337 4233 este.
349 4182 441 4234 Amor.
453 4182 476 4246 I,
491 4180 559 4247 lou.
596 4220 638 4249 ‚‚..
657 4182 745 4250 digito
763 4198 908 4250 compesce
926 4182 1083 4235 labellum''.
1103 4182 1336 4236 Ius.sst.1.160.
1372 4183 1406 4218 ⁴⁸⁸
1423 4185 1466 4235 tri·

178 4260 249 4331 site]
263 4266 371 4333 Μία,
388 4274 416 4318 ut
435 4271 458 4319 1.
470 4268 556 4334 babet,
576 4269 704 4320 sinistros
722 4284 870 4320 sermones.

244 4346 322 4393 Μ·
339 4350 383 4403 Λᾶ
399 4353 552 4419 marginem
571 4353 691 4419 exempli
713 4354 766 4403 mei
786 4357 809 4403 t.
827 4359 908 4405 vetus
926 4370 1024 4406 munus
1042 4355 1193 4421 silucripsit
1210 4355 1332 4418 ‚‚i·¹rsne.
1347 4358 1466 4406 Petrum.

6 4432 273 4824 ιἸθΙΙΙ
287 4436 419 4503 princeps
436 4442 479 4489 est
495 4452 559 4489 reso
575 4438 712 4505 quietns’‘.
734 4438 852 4489 Scilicet
868 4438 928 4491 vuit
945 4438 1014 4490 illud
1030 4440 1111 4491 nien.
1126 4440 1162 4490 11.
1175 4438 1265 4490 ²461.
