3270 5354
152 353 226 427 406
381 381 504 417 usuratu
517 381 545 415 tlt
560 378 677 415 tonitura
690 378 726 413 D!
739 377 850 414 HVTTBH
864 376 1019 412 ΙΙΤΕΙΙΊὟΙ
1033 375 1221 413 ΒΙΡΒΟΙΔΤῙΟ.

355 538 480 598 luvisam
503 535 592 596 terris
614 532 747 594 sobolem
770 532 910 610 produxit
932 538 961 590 et
982 533 1026 591 ira

357 637 489 717 Implevit
511 636 620 697 tumida
643 641 746 714 pectus
768 639 946 711 sentosaque
968 631 1040 692 diris

316 764 341 802 ss
356 739 406 802 llis
430 738 616 800 criminibus:
640 745 669 797 te
693 735 732 796 nil
757 734 906 796 crudelius
927 752 1058 813 unquam

358 842 489 922 Odrysiae
511 857 656 919 peperere
678 855 788 905 nurus;
812 844 844 897 tu
867 835 995 914 pessima
1019 837 1128 915 quinte

356 944 517 1022 Progenies
540 943 644 1011 Lunae,
669 948 699 1001 tu
722 939 822 1001 Terrae
845 938 937 1009 filius,
954 939 1034 999 omui

357 1047 528 1107 Centimauo
553 1045 656 1114 terior,
679 1042 821 1122 'l'ypboeo
844 1042 1001 1102 immanior
1024 1043 1120 1109 omni,

358 1147 434 1220 Quid
457 1148 585 1215 laceras,
610 1147 659 1224 qui
682 1152 711 1205 te
733 1144 812 1205 lerro
835 1145 967 1224 petiisset
989 1148 1018 1204 et
1039 1161 1121 1204 arina

308 1272 344 1312 ron
360 1250 465 1311 Ferret
487 1251 515 1310 in
539 1249 658 1310 exitium
682 1248 777 1307 iurata
799 1254 940 1324 tuumque
962 1250 1159 1322 tuorumque,

358 1354 416 1413 dut
437 1352 487 1430 qui
510 1357 608 1430 pacta,
632 1349 720 1410 lldem
742 1347 795 1409 tibi
817 1346 945 1419 falleret,
969 1352 1020 1408 aut
1040 1346 1094 1407 tibi
1116 1350 1218 1409 furtim

360 1453 507 1514 Fraudem
530 1451 717 1513 intentassetl
740 1456 891 1528 pateretur
915 1448 1052 1510 acerbius
1073 1449 1152 1510 boati

360 1552 416 1624 Qui
439 1562 467 1615 le
489 1554 657 1623 obiecisset,
681 1570 734 1631 per
757 1570 845 1631 quem
869 1558 899 1613 tu
922 1550 1056 1630 proditus
1077 1552 1176 1614 esses?

360 1660 507 1719 Innocuos
529 1657 602 1718 adeo
625 1674 724 1717 mores
747 1664 776 1718 et
797 1655 901 1716 lraude
924 1660 1074 1716 carentem

218 1766 221 1771 ’
311 1784 347 1824 ros
362 1760 495 1822 lnvasisti
517 1760 664 1827 animum,
688 1759 827 1836 quicum
850 1756 903 1817 libi
926 1763 1030 1817 concta
1054 1755 1199 1827 dedisset,

363 1865 420 1925 Pro
444 1871 472 1924 te
494 1870 601 1923 cuneta
624 1859 704 1934 tulit,
728 1860 779 1921 sed
803 1877 858 1921 uec
880 1860 970 1921 decor
995 1858 1045 1919 ille
1067 1859 1208 1928 iuventae,

361 1966 431 2026 llaee
453 1964 542 2024 morit
563 1965 686 2042 species.
711 1961 798 2024 Dabis
821 1962 891 2030 boc,
916 1960 1088 2031 Germania,
1112 1978 1223 2040 eorpus

363 2066 519 2129 Pulcbrius
540 2083 670 2146 unquam
693 2064 828 2144 aliquod,
852 2071 903 2125 aut
925 2082 982 2143 qua
1005 2065 1180 2141 compagine
1203 2064 1299 2124 vinces

363 2167 564 2230 blcrnbrorum
587 2166 642 2227 bos
665 2166 798 2238 babitus,
821 2173 872 2226 aut
893 2184 926 2226 se
947 2166 1111 2244 speciosior
1133 2167 1189 2227 ista

313 2293 349 2334 rso
364 2271 507 2333 Ostendet
527 2271 615 2330 terris
637 2269 744 2330 iacies?
766 2267 849 2329 dabis
871 2268 900 2328 in
924 2265 1039 2328 meliori

363 2374 495 2451 Corpore
518 2373 644 2432 maiores
666 2371 779 2431 animos
801 2369 944 2447 lactisque
966 2368 1101 2447 fideque?

365 2478 444 2548 Quas
467 2492 583 2553 pugrsas
604 2480 743 2550 gesturus
766 2480 843 2542 erat,
868 2489 933 2551 quan
954 2469 1032 2533 bella
1053 2470 1192 2550 parabat,

364 2578 457 2650 Qunam
480 2576 589 2654 patrias
611 2575 740 2635 auxisset
761 2574 849 2653 opes!
874 2573 927 2634 lult
949 2571 1046 2635 indole
1067 2572 1105 2633 ab
1128 2572 1176 2634 illa

364 2680 439 2758 Spes
461 2679 565 2757 patriae
586 2675 720 2754 livorque
742 2675 828 2737 boati.
854 2675 939 2748 Quod
962 2693 1029 2735 cum
1051 2674 1102 2736 ille
1124 2675 1237 2738 videret

315 2804 351 2844 ns
366 2780 454 2841 Flore
477 2781 578 2856 vigens
599 2780 696 2857 primo
719 2797 878 2859 secumque
901 2779 1043 2839 immensa
1066 2786 1201 2855 pararet,

365 2882 425 2944 llbs
447 2888 476 2943 te
499 2882 612 2942 orditus
635 2900 710 2960 opus
732 2886 820 2960 teque
842 2887 887 2941 est
909 2896 1069 2940 conversus
1091 2880 1121 2940 in
1145 2898 1238 2942 unum

364 2985 458 3057 Quem
481 2983 535 3045 sibi
559 2983 723 3053 demerent,
747 2981 801 3043 sub
824 3000 883 3062 quo
905 2983 1043 3059 primeva
1065 2980 1215 3061 relinquat

365 3088 487 3148 Virtutis
509 3091 700 3146 monumenta
722 3103 798 3146 suae:
823 3102 924 3146 comcs
946 3081 995 3146 ille
1017 3090 1154 3154 tuorum,

332 3235 336 3247 .
365 3189 418 3250 llle
440 3207 564 3269 operum
588 3189 701 3256 socius,
725 3204 822 3266 neque
843 3194 876 3247 tu
898 3203 1067 3265 quenquam
1089 3192 1158 3247 ante
1179 3186 1313 3255 locabas,

316 3312 351 3352 rso
367 3291 594 3370 Spectatamque
616 3289 703 3350 lldem
726 3289 924 3357 custodium,
948 3286 1107 3358 scelerate,
1130 3287 1272 3368 probasti.

366 3392 483 3453 Etiam
506 3410 538 3454 se
560 3392 606 3453 bis
628 3390 770 3469 gradibus
792 3397 897 3452 cuncta
920 3389 956 3450 ad
979 3390 1091 3450 maiora
1114 3389 1242 3461 terebat,

365 3494 438 3556 Cum
461 3502 492 3555 tu
514 3493 568 3555 has
590 3492 735 3555 obiiceres
756 3493 849 3553 lurias
871 3510 1019 3571 cursuque
1041 3490 1188 3552 bonorum

163 3713 226 3748 num
244 3699 274 3748 in
293 3698 411 3749 furorem
434 3702 463 3747 et
485 3697 593 3748 atroeia
611 3696 740 3747 facinora
757 3695 902 3763 inpellens.
960 3695 982 3730 ⁸⁴
1000 3700 1028 3738 ’1-
1042 3701 1156 3748 sentosa
1173 3694 1234 3763 ilia]
1256 3696 1379 3749 horridus
1397 3696 1441 3748 sni·

161 3799 229 3834 mus.
292 3781 315 3815 ’θ
332 3782 459 3846 Odrysias
478 3780 507 3846 (i.
521 3798 546 3833 s.
559 3781 675 3832 Thracii
693 3782 768 3848 ragis
786 3780 885 3843 Terei)
910 3796 1017 3845 uxores,
1037 3780 1193 3833 Philomela
1212 3785 1242 3832 et
1258 3782 1367 3834 Procne
1384 3784 1443 3847 Ityn

163 3867 249 3919 fllium
267 3870 339 3934 patri
358 3866 525 3933 epulandum
545 3866 698 3932 adposuere
717 3864 812 3930 quies
823 3865 978 3917 Philomela
996 3867 1078 3919 nefas
1096 3867 1198 3918 incesti
1215 3867 1331 3930 Tereos,
1351 3873 1379 3919 et
1395 3880 1444 3934 qna

163 3954 241 4003 Muta
258 3952 353 4020 puella
372 3952 439 4015 luit,
459 3950 572 4019 garrula
591 3952 679 4002 fertur
697 3951 786 4002 avis’‘.
805 3951 922 4001 Martini.
935 3952 1009 4002 XIV.
1022 3953 1064 4004 75.
1082 3954 1184 4016 „Quas
1201 3950 1244 4001 illi
1263 3950 1375 4020 [Tereo]
1393 3952 1445 4004 Pbi·

163 4037 265 4088 lomala
283 4038 384 4104 dapes,
409 4053 470 4102 quas
487 4036 561 4086 dona
579 4036 710 4102 pararit''.
730 4037 827 4101 Verps't.
842 4036 955 4088 acl.V1.
969 4036 1023 4101 te.)
1041 4037 1086 4087 Gi.
1100 4035 1204 4100 dialog.
1217 4035 1365 4089 Phlarisnr.
1377 4042 1400 4101 5.
1411 4036 1446 4088 al.

162 4123 227 4175 vide
246 4123 341 4187 prtn.
361 4122 418 4172 lab.
431 4122 473 4172 ab.
493 4121 531 4173 el.
549 4121 624 4171 infra
640 4137 684 4172 vv.
697 4121 756 4172 244.
769 4137 828 4187 sqq.
847 4127 877 4172 et
893 4121 1058 4174 Phalarism.
1077 4120 1095 4172 l.
1109 4138 1133 4171 c.
1186 4120 1253 4164 ’⁸⁴⁸-
1268 4125 1357 4187 quint.
1377 4125 1447 4187 Prog·

164 4205 261 4274 Lunae]
280 4210 297 4258 ι’.
310 4224 336 4258 τ.
348 4208 489 4271 infeliciter
506 4210 569 4257 nott.
590 4206 633 4259 Cf.
650 4207 728 4272 Verp.
750 4207 850 4273 Georg.
863 4208 886 4257 1.
899 4207 958 4257 ΥΠ.
972 4208 1082 4259 Hesiod.
1096 4207 1168 4274 Opp.
1181 4205 1242 4257 802.
1262 4208 1309 4257 Ita
1327 4212 1342 4260 ι’.
1353 4210 1376 4273 s.
1387 4214 1447 4274 pm·

162 4294 227 4358 cipis
239 4293 300 4343 edit.
313 4292 383 4357 Epp.
398 4292 427 4343 0.
445 4293 477 4344 V.
490 4296 538 4344 vol.
552 4297 582 4342 11.
595 4299 650 4342 est:
662 4292 788 4354 „Quinta
800 4292 866 4343 luna
878 4291 1020 4344 Obscuros
1030 4293 1106 4343 viros
1117 4292 1233 4343 adiuie‘.
1253 4293 1348 4344 Etiam
1361 4293 1449 4355 Quarta

162 4381 222 4428 lm
238 4385 321 4436 nam,
338 4369 455 4443 τετράδι
472 4373 593 4444 γέγονας
610 4377 757 4429 dicabatur
775 4377 855 4427 cuins
871 4377 937 4428 vitra
955 4378 1096 4444 principia
1108 4376 1181 4428 male
1194 4379 1344 4443 auspicata
1356 4382 1446 4431 assant

165 4460 577 4532 Zsssob.V1.7.Apostol.XV1.
591 4462 633 4515 34.
648 4463 757 4529 &pontt
772 4462 834 4528 syll.
847 4477 873 4513 u.
888 4452 920 4514 lv
937 4454 1054 4529 τετράδι
1071 4460 1244 4528 γενηθῆναι.
1294 4465 1386 4515 Terrae
1403 4458 1445 4525 fill

164 4546 208 4599 (ll.
219 4545 274 4598 rol.
287 4547 353 4598 1111.
366 4563 393 4613 p.
406 4547 465 4599 ²71.
479 4549 503 4610 fl.
516 4546 541 4599 3.
610 4546 633 4581 ⁹⁸
652 4544 825 4613 Centimano]
845 4548 979 4613 AEgaeone
1003 4553 1031 4599 et
1047 4548 1173 4598 Briareo.
1194 4549 1275 4602 iliad.
1289 4550 1311 4600 Ι.
1325 4548 1383 4599 ⁴02.
1395 4562 1445 4613 sqq.

167 4630 322 4696 Vercellas.
335 4632 369 4683 X.
382 4631 441 4683 bfib.
454 4648 513 4699 sqq.
566 4632 689 4699 Typbmo
702 4635 725 4682 1.
739 4635 764 4682 2.
782 4632 906 4697 Typhaeo
919 4636 946 4683 ³.
981 4635 1095 4685 'Posteri
1112 4635 1260 4702 Terraeque
1279 4635 1354 4687 illins
1370 4633 1444 4684 cend-

165 4729 241 4781 esps.
254 4715 293 4767 al.
306 4732 332 4769 s.
344 4732 385 4784 gr.
404 4716 502 4781 lippis.
515 4716 574 4769 lab.
591 4716 647 4768 15².
701 4715 733 4751 ¹¹⁸
752 4731 914 4786 quemqnam
933 4719 960 4768 3.
