3270 5354
165 366 238 437 324
270 393 417 431 utentum
430 394 466 430 D!
479 393 596 430 veum
609 393 691 429 vuli!
704 393 850 429 brunsv
864 392 1064 429 censeamus!
1077 392 1199 427 ΟΔΒΙΕΙ.
1214 392 1376 429 onacvm.

314 571 353 609 ass
369 551 519 606 ‘Fluminis
539 555 565 604 el
585 559 661 604 retro
682 549 824 621 scopulum
842 563 896 620 per
916 555 1016 620 aperto
1039 553 1160 606 remensi

367 636 486 691 ‘Littora
508 634 623 690 Maesa
641 634 732 707 socies
749 634 810 689 bac
822 651 916 705 porra
937 635 1047 689 lacunae

367 720 534 788 ‘Discimus,
557 726 586 774 at
606 720 685 775 seles
705 720 788 783 diois,
813 720 936 774 mirabile
953 719 1040 786 lictu,

367 805 449 860 ‘llnu
470 803 574 860 ‹luobtu
596 807 661 872 erit,
684 805 780 859 reatu
797 812 885 859 tomen
908 806 1002 876 ampla
1023 819 1158 875 capacem

368 888 497 962 ‘Reliqio
534 889 623 960 Caput
641 891 769 945 incanum
791 889 960 962 barbamque
979 889 1127 944 amendam

315 991 353 1031 tso
368 973 519 1046 ‘Prospice
536 989 611 1029 nunc
630 977 700 1030 uatis
717 975 830 1045 palmos
849 976 973 1029 mirantis
993 981 1018 1029 ct
1040 975 1121 1029 absos

367 1057 451 1126 ‘Qun
471 1072 562 1131 reqem
585 1061 695 1130 tetiqere
715 1074 808 1116 suurn.
842 1058 899 1114 Sal
924 1060 1031 1115 discere
1051 1060 1161 1131 Quum
1183 1065 1239 1126 est,

366 1144 511 1199 ‘Gaudeat
527 1149 556 1199 ul
576 1145 637 1199 luco
658 1146 785 1218 laetusque
806 1144 949 1199 recumbat
966 1147 994 1199 in
1013 1144 1127 1211 umbro,

367 1228 441 1284 ‘Nec
458 1243 568 1300 semper
588 1228 676 1284 breuis
696 1228 756 1284 bac
776 1247 840 1302 queo
863 1230 1035 1301 amplectitur
1054 1244 1125 1284 area
1149 1231 1255 1298 lucum,

367 1313 471 1382 ‘Quam
493 1312 610 1386 zepbqri
629 1316 754 1384 spirant,
779 1316 896 1369 calamis
917 1313 1038 1370 stridebit
1058 1320 1085 1370 et
1103 1314 1181 1371 ulum

314 1415 352 1455 ooo
367 1399 458 1454 ‘Mille
478 1399 560 1453 simul
580 1399 655 1453 raclii
670 1413 825 1469 percussas
843 1401 951 1470 pectine
968 1400 1037 1454 telas
1341 1394 1452 1478 lfffit‘·

367 1485 555 1541 ‘Percurrent
573 1486 678 1549 sanun,
697 1499 749 1538 nec
764 1501 828 1555 quae
848 1500 914 1539 mox
937 1485 1026 1539 Gallia
1047 1490 1073 1539 et
1090 1486 1178 1540 omnis

369 1569 496 1625 ‘Daunia
518 1567 675 1635 tendebant,
700 1570 802 1624 lassent
822 1577 859 1625 tol
876 1571 992 1638 uellera,
1014 1570 1140 1624 denam.

369 1653 438 1708 ‘Hic
459 1668 566 1726 quoque
579 1660 643 1724 post
661 1656 784 1724 qeminos
796 1661 897 1726 pontes
917 1661 1061 1726 suspectus
1082 1654 1121 1708 ad
1137 1668 1227 1709 ouras
1256 1647 1452 1732 mmmm

344 1794 346 1798 ,
368 1738 440 1807 ‘Qui
460 1738 506 1793 libi
526 1739 614 1809 surqil
630 1743 727 1810 apen?
748 1746 859 1807 rueret,
880 1741 935 1794 nisi
952 1739 1029 1794 diuus
1050 1741 1089 1794 ael
1110 1743 1164 1794 rma

315 1842 354 1883 tto
370 1823 520 1889 ‘Accubet,
544 1824 660 1877 ionicus
681 1825 763 1878 lateri
783 1831 924 1896 servetque
944 1826 1053 1881 uetustis

368 1907 499 1964 ‘Sedibus
517 1908 674 1979 umbiquom
696 1911 801 1964 molem.
836 1908 897 1964 Stat
914 1911 1064 1981 proclinus
1083 1909 1125 1963 illi

366 1994 433 2051 ‘Cui
453 2000 551 2064 optare
571 1992 684 2049 tbronos
705 1996 767 2048 coeli
784 1994 917 2049 Zebeaeta
936 1997 1061 2050 coniunx

366 2077 475 2134 ‘Inscia
492 2076 620 2149 satorum
640 2082 709 2134 nicea
730 2087 779 2135 est.
810 2079 915 2152 Linque
936 2094 1022 2151 ocyus
1040 2096 1122 2133 aram

367 2163 480 2220 ‘Calitis
502 2169 527 2216 et
549 2168 652 2231 uastos,
673 2172 792 2235 surqunt
807 2166 855 2236 qui
876 2182 894 2219 u
913 2163 1025 2236 fronte,
1042 2171 1176 2237 penates:

314 2267 352 2306 us
369 2249 466 2304 ‘Nunc
487 2263 582 2302 rerum
603 2248 774 2303 simulocbra
795 2249 885 2315 uides,
907 2249 958 2304 secl
979 2264 1044 2304 uera
1062 2256 1176 2319 nepotes

366 2334 480 2389 ‘Omnia
497 2333 682 2404 conspicient:
699 2333 759 2388 bcee
778 2350 840 2405 quse
862 2333 1058 2389 lachrimabilis
1075 2349 1150 2389 urna
1295 2327 1451 2406 {mm

367 2418 500 2489 ‘Tollitur
522 2424 585 2472 ante
606 2419 699 2474 ocetlm
718 2425 744 2473 et
763 2421 872 2490 qemlna
893 2435 956 2474 cum
977 2420 1064 2490 stirpe
1078 2426 1213 2489 parentes

368 2504 510 2575 ‘Conteqet
529 2502 636 2574 effiqies
657 2519 725 2575 quos
745 2506 856 2559 torserit
872 2505 956 2575 impia
978 2505 1062 2558 tauris

367 2588 505 2644 ‘Corrual
524 2587 570 2642 bic
591 2603 696 2659 anceps
719 2596 828 2655 uertex,
848 2591 898 2661 qui
915 2596 993 2644 nutat
1013 2588 1052 2642 acl
1071 2603 1174 2655 auras,

315 2689 353 2730 lou
370 2673 447 2740 ‘Qua
466 2672 556 2728 tbolus
577 2672 622 2728 bic
640 2675 740 2728 dexter
761 2673 932 2746 delubraque
946 2689 1031 2728 saera
1051 2673 1229 2740 recumbunt,

368 2759 424 2813 ‘Ni
442 2763 522 2830 reqal
542 2760 686 2831 ancipitem
708 2761 802 2814 molem
825 2765 967 2831 teneatque
986 2773 1126 2830 supremae
1319 2752 1449 2833 qssffl'ffl

366 2841 507 2915 ‘Virqim‘s
528 2844 603 2898 olma
624 2859 736 2912 manus,
757 2845 932 2917 subnioeoque
952 2846 1077 2900 cominus
1096 2862 1160 2899 ara.

367 2927 441 2983 ‘Sed
457 2936 485 2982 tu
507 2943 678 2985 marmoreos
696 2935 790 3000 postes
809 2930 943 3000 limenque
958 2935 1090 2986 uetustum

368 3012 426 3068 ‘Ne
443 3015 556 3069 nimium
577 3016 697 3082 mirare,
714 3029 834 3085 precor,
855 3017 921 3086 quin
936 3016 1066 3085 protinus
1087 3014 1152 3068 bine
1170 3019 1196 3068 le

314 3114 352 3154 eso
368 3098 511 3171 ‘Proripe,
533 3105 559 3152 et
580 3100 756 3166 accelerans,
776 3108 894 3170 surqunt
910 3116 972 3171 quoe
987 3100 1086 3171 ternpla
1100 3101 1257 3171 propinquo
1353 3092 1452 3176 12:52¹*

368 3184 493 3252 ‘Limite,
512 3185 560 3238 cui
572 3190 703 3256 pateant,
725 3198 758 3238 ne
777 3186 811 3239 sil
827 3199 992 3256 eoqnoscere
1008 3200 1103 3246 curem·

367 3267 449 3324 ‘Huc
468 3269 603 3341 qemiuom
621 3269 672 3324 set
687 3270 769 3338 flecte
790 3272 892 3337 aciem,
915 3286 971 3340 quo
992 3270 1061 3324 lenis
1081 3269 1117 3324 ab
1137 3273 1234 3323 austro

368 3355 483 3409 ‘Flectit
502 3355 531 3408 in
552 3353 703 3425 Hesperios
724 3356 824 3408 sensim
847 3369 899 3408 saa
918 3355 1035 3424 flumina
1057 3355 1128 3410 soles

366 3437 537 3494 ‘Meduacus
555 3440 751 3510 scopulumque
766 3442 829 3494 sinu
850 3453 986 3510 curuoque
1004 3447 1095 3493 meatu

316 3541 354 3580 iso
369 3525 484 3595 ‘Alliqat
504 3525 678 3596 implicitum:
699 3538 797 3578 nomen
815 3524 887 3580 uada
906 3524 1015 3595 qransle
1036 3523 1157 3579 madenti

368 3610 445 3663 ‘Alta
468 3609 571 3664 dabunt
592 3611 677 3680 γέρως
700 3609 774 3664 siluis
796 3624 885 3676 nurse,
906 3608 1018 3675 Marce,
1039 3610 1162 3665 coruscis

366 3693 478 3748 ‘Oonrtia
501 3708 593 3748 mersa
615 3695 717 3756 iacent,
743 3695 805 3749 olim
827 3696 956 3748 comerlia
976 3695 1072 3750 mundi

368 3779 436 3833 ‘His
456 3778 569 3851 serame
589 3779 656 3834 locis
675 3776 846 3850 Maurosque
867 3778 967 3833 mdebis
988 3785 1014 3834 et
1034 3777 1121 3835 ludos

368 3862 525 3919 ‘Mercibus
546 3865 660 3919 alternis
678 3865 748 3918 iuter
768 3879 799 3918 se
820 3866 933 3934 iunqere
954 3864 1086 3919 dextros:

279 3973 286 3986 ·
315 3965 353 4005 eos
370 3948 521 4019 ‘Quicquid
537 3948 618 4004 babet
635 3964 731 4004 rerum
750 3950 841 4015 tellus,
863 3949 932 4016 buc,
953 3950 1082 4019 quicquid
1101 3956 1127 4004 et
1142 3964 1255 4019 aquor,

367 4032 527 4105 ‘Puppibus
550 4034 690 4089 aduectum
708 4036 805 4104 precio
825 4050 892 4089 cisoa
911 4035 1044 4105 transiqet
1064 4034 1154 4091 orbis:

368 4118 534 4174 ‘Herebunt
553 4120 637 4190 ripis,
659 4120 792 4174 oneraria
815 4118 909 4183 turba,
932 4120 1053 4185 carietes,

367 4203 418 4257 ‘Et
439 4219 533 4259 uacum
555 4203 680 4274 ambiquo
704 4203 873 4258 resonabunt
893 4209 992 4258 cuncta
1013 4217 1151 4258 susurro,

366 4287 456 4354 ‘Quid
471 4288 540 4360 soro
562 4296 642 4344 lerna
664 4290 717 4344 loci
735 4303 879 4344 memorem
903 4303 1065 4359 mensasque
1087 4287 1195 4356 beatas,
1224 4323 1229 4333 ·

167 4420 368 4429 ——.——-—--.-

231 4485 265 4520 *θ’
282 4484 488 4552 Sim.et1udae]
507 4487 536 4537 S.
549 4488 665 4537 Simeone
681 4489 789 4551 piccolo.
800 4489 908 4552 porocb.
962 4485 995 4519 ⁴⁶⁰
1013 4486 1042 4536 S.
1055 4485 1171 4536 Simone
1188 4486 1298 4551 profeta
1314 4501 1337 4538 s.
1349 4486 1452 4549 mande.

162 4573 268 4635 parocb.
321 4568 354 4604 ⁴⁸⁸
373 4571 401 4622 S.
417 4573 541 4623 Giouannl
557 4575 692 4624 decollato.
703 4573 813 4637 paracle.
847 4569 882 4605 ⁴⁷²
900 4571 928 4621 S.
944 4572 1063 4622 Glacomo
1080 4569 1141 4621 dell'
1156 4570 1227 4621 Orio.
1239 4574 1348 4636 panocla
1384 4569 1417 4603 ⁴²⁶
1427 4568 1452 4617 S.

163 4653 301 4704 Eustacbio
319 4671 342 4706 c.
355 4655 421 4707 Stoi.
431 4657 539 4721 paracle.
592 4653 624 4689 ⁴⁸¹
643 4656 672 4707 S.
686 4657 776 4708 Maria
792 4665 873 4708 rnater
890 4657 991 4707 doruini.
1004 4657 1111 4720 parom.
1174 4653 1208 4689 ⁴⁸⁵
1224 4656 1253 4707 S.
1268 4658 1454 4722 Consanum·

163 4739 234 4786 rorte.
286 4737 320 4772 ⁴⁰⁰
336 4741 432 4792 lllolto.
