3270 5354
253 360 326 432 262
454 387 576 424 narrarit
588 388 625 423 AD
639 386 771 422 CAESABH
785 385 993 422 auximanus!
1006 383 1227 419 ll’lflsssssslssb'!
1242 382 1336 418 utun.

370 540 436 600 136·
794 542 842 591 DE
861 541 999 591 EODEM.

455 664 534 724 ‘lluc
555 662 678 723 barbam
701 658 799 730 Pauli,
822 659 950 737 gladium
973 657 1069 729 Pauli,
1093 654 1311 725 omnia·Pauli;

540 765 685 841 ‘Clat'igcr
709 763 758 824 ille
781 762 851 823 nibil
873 763 909 823 ad
932 781 995 824 mea
1020 769 1084 821 rota
1107 757 1241 820 Petrus’:

456 867 519 928 lloc
541 864 625 927 sirnul
649 866 752 932 edixit,
777 884 831 943 pro
855 865 969 925 Christo
993 879 1147 925 accersere
1170 868 1296 923 mortam

431 990 442 1029 r
535 968 624 1030 ·Ultro
648 968 824 1028 credidimus
847 967 980 1044 duraque
1002 964 1075 1026 velle
1097 966 1172 1044 pati:

456 1070 538 1131 Turn
554 1087 623 1131 acro
646 1071 774 1130 occinuit
796 1069 912 1130 lunesto
935 1067 1053 1128 classica
1077 1085 1186 1134 cornu.

540 1172 683 1233 Continuo
703 1188 838 1250 praeceps
861 1170 987 1231 mundus
1010 1171 1038 1229 in
1061 1187 1142 1229 arma
1165 1170 1232 1229 ruit.

457 1274 519 1335 lloc
542 1271 623 1334 l‘auli
646 1272 698 1333 tibi
719 1271 827 1341 barba,
851 1282 949 1351 pater,
973 1270 1025 1332 tibi
1046 1278 1180 1332 suaserat
1202 1270 1298 1332 ensis?

430 1397 443 1438 a
543 1375 604 1436 lloc
627 1376 706 1435 istaec
727 1373 809 1434 licuit
831 1392 912 1434 arma
934 1382 1036 1435 tencre
1060 1373 1168 1434 modo?

458 1477 550 1548 Queru
574 1476 670 1556 gladio
693 1477 777 1538 decet
799 1476 950 1543 occidere,
974 1466 1051 1536 haud
1073 1474 1209 1536 occidere
1231 1472 1329 1543 Pauli,

542 1581 599 1639 dut
620 1580 857 1667 satisarmaturu
881 1576 1011 1638 clavibus
1033 1596 1097 1638 esse
1120 1576 1208 1638 Petri.

458 1796 502 1838 DE
514 1794 596 1836 IVLIO
613 1793 774 1836 Porrmcn
789 1793 913 1835 MAXIMO
931 1793 1092 1837 PHILIPPVS
1109 1792 1341 1836 MELANCITTHON.

459 1890 524 1946 Cum
544 1894 641 1944 contro
661 1889 753 1944 Gallos
770 1888 865 1942 beltrou
880 1907 958 1960 propo
981 1886 1070 1943 lartius
1087 1894 1157 1943 esset

544 1975 691 2041 Gestarum,
713 1975 782 2028 sicut
798 1973 878 2044 sumu
897 1982 999 2030 vetusto
1018 1975 1107 2035 (locet.

458 2058 587 2131 Iupcutes
605 2058 705 2114 Mortis
725 2067 831 2113 turmas
852 2061 1006 2125 contruxit,
1025 2065 1051 2114 et
1069 2058 1163 2114 urbem
1267 2101 1270 2108 .

543 2145 681 2217 Epressus
702 2159 790 2198 scavos
808 2144 890 2199 edidit
910 2146 1081 2211 meminus,

421 2278 425 2284 .
459 2231 608 2301 iratusque
628 2244 729 2284 sacros
749 2231 840 2284 clares
857 2232 885 2284 irs
900 2229 1016 2301 lirrrtino
1038 2231 1099 2283 iecit

546 2314 687 2386 Tybridis,
706 2313 750 2368 bic
769 2314 831 2369 urbi
846 2330 917 2384 poris
935 2315 981 2368 ubi
998 2316 1083 2385 inrupit
1103 2327 1206 2386 aquosa

458 2398 529 2454 Inde
550 2417 633 2454 mauu
654 2401 776 2454 strictum
793 2402 892 2471 vopida
913 2400 1006 2470 diripit
1026 2413 1117 2454 ensem

541 2484 768 2556 &autumareque
787 2487 859 2540 truci
874 2486 939 2539 tatia
961 2499 1023 2539 voce
1040 2483 1131 2556 refert

459 2569 526 2625 ‘Hic
543 2571 652 2641 piudius
669 2570 751 2624 Pauli
771 2585 821 2624 nos
838 2587 912 2625 nunc
932 2569 1060 2640 desendet
1080 2569 1114 2624 ab
1136 2568 1224 2635 boote,

544 2654 661 2723 ‘Qucrud
676 2656 784 2727 quidem
806 2656 890 2711 clauis
910 2657 950 2710 uit
966 2656 1041 2709 iuvat
1059 2656 1109 2709 istu
1126 2648 1221 2710 Petri’.

655 2799 699 2840 DE
711 2798 821 2841 sonuit
833 2799 980 2841 orrum}
993 2798 1149 2842 creaasti.

459 2893 494 2950 lu
518 2893 641 2960 Gallum,
664 2900 692 2948 ut
710 2894 790 2964 furna
813 2901 867 2961 est,
890 2893 985 2957 bellum
1007 2900 1134 2965 pasturus
1151 2891 1280 2948 cembron

545 2979 687 3034 Armatam
709 2979 799 3034 educit
819 2977 909 3035 Irrlius
927 2979 995 3034 urbe
1013 2994 1142 3046 murrum,

459 3065 605 3120 Acciuctus
621 3063 713 3136 plodio
735 3064 824 3120 clares
842 3066 869 3119 irr
894 3063 1021 3136 Tybridis
1043 3078 1149 3119 omnem

469 3184 476 3197 ·
544 3149 657 3204 Proicit
677 3156 703 3204 et
722 3164 811 3206 saeous
830 3150 896 3205 tolio
918 3150 999 3206 umbo
1018 3147 1090 3221 fucit

256 3367 346 3417 Paris.
360 3373 424 3418 tom.
438 3368 485 3417 Vl.
498 3383 524 3432 p.
537 3365 578 3418 59.
592 3366 702 3433 legitur,
722 3368 763 3417 ita
780 3370 811 3415 ut
828 3381 925 3416 versus
942 3364 966 3416 9.
982 3365 1021 3416 10.
1041 3366 1070 3416 iu
1082 3365 1153 3415 aliis
1173 3364 1306 3432 exemplis
1328 3369 1406 3417 recta
1424 3369 1544 3433 proxima

257 3453 382 3518 superius
400 3453 570 3518 epigramma
588 3451 749 3502 claudentes
767 3451 831 3501 huic
852 3450 908 3501 135.
923 3453 1116 3501 attribuantur.
1181 3449 1192 3483 ⁸
1209 3451 1327 3517 pacique
1348 3455 1370 3500 t.
1384 3460 1464 3504 recte.
1483 3453 1545 3519 paci

258 3537 315 3601 (om.
330 3537 393 3602 que)
412 3539 471 3587 edd.
485 3539 566 3587 ceteri
571 3576 577 3594 ,
597 3539 716 3601 adpositu
733 3533 748 3567 *
763 3549 838 3602 prium
855 3538 940 3586 maadi
955 3544 1038 3586 notum
1055 3551 1102 3586 om.
1117 3540 1141 3585 2.
1150 3540 1174 3586 4.

327 3621 383 3673 1311.
416 3621 424 3654 ¹
448 3622 490 3672 De
515 3622 615 3688 gladiis
645 3623 714 3672 satis
741 3622 858 3672 diximus
880 3620 1253 3687 v01.1111.p.·25·2.434.0t
1273 3620 1303 3670 ia
1326 3622 1422 3687 primis
1445 3621 1500 3672 rol.
1514 3623 1544 3672 V.

257 3725 282 3773 p.
299 3706 354 3758 tor.
369 3723 419 3773 sq.‚
439 3707 488 3757 sed
505 3707 540 3757 de
558 3707 647 3757 barba
660 3706 793 3757 adicimus
807 3706 936 3757 Ciacunii
949 3705 1027 3768 (Vitt.
1041 3707 1148 3773 pontifl'.
1161 3706 1211 3756 ΙΙΙ.
1225 3722 1251 3773 p.
1264 3705 1335 3770 234.)
1347 3707 1450 3757 verba:
1471 3707 1546 3769 „Pri-

257 3807 315 3843 mus
333 3794 451 3843 omnium
475 3792 632 3858 pontificum
650 3792 735 3842 lulius
760 3797 857 3843 contra
880 3793 1013 3841 maiorum
1037 3791 1261 3865 cousuetudinem
1279 3791 1395 3842 barbam
1413 3791 1545 3859 prolixam

256 3877 341 3942 aluit,
360 3884 390 3928 ut
408 3879 539 3927 maiorem
558 3878 728 3928 intuentibus
746 3879 929 3928 reverentiam
949 3877 1097 3938 incuterat3
1117 3876 1197 3942 idque
1215 3875 1315 3940 reliqui
1332 3882 1396 3942 post
1415 3893 1477 3928 eum
1496 3878 1546 3927 uo-

257 3964 332 4014 rnaui
350 3963 496 4029 pontifices
514 3978 566 4014 usu
584 3963 717 4029 probasse
735 3963 888 4012 videntur’‘.

322 4048 382 4099 Hoc
406 4048 576 4114 epigramma
594 4049 623 4098 in
643 4047 816 4113 ‘Pasquillor⁸
831 4053 894 4097 tom.
909 4048 953 4096 112
967 4063 992 4112 p.
1006 4045 1047 4096 82.
1061 4047 1231 4112 praemissum
1254 4049 1297 4097 est
1315 4046 1469 4099 Huttanioo
1490 4046 1545 4098 131.

257 4138 286 4184 at
305 4149 349 4198 ap.
362 4133 487 4184 Bulaeum
505 4134 523 4185 1.
537 4150 560 4185 c.
590 4134 722 4186 Similiter
745 4147 806 4183 cum
829 4132 957 4197 sequenti
975 4132 1150 4182 Ducheriano
1175 4136 1217 4181 est
1234 4132 1264 4183 iu
1280 4131 1415 4197 Pasquill.
1435 4134 1546 4186 estatio.

257 4235 284 4284 p.
299 4218 354 4269 112.
368 4234 409 4284 sq.
444 4219 487 4269 Da
506 4235 535 4268 re
554 4220 616 4284 ipsa
635 4219 672 4269 ci.
686 4219 764 4267 Hutt.
778 4233 816 4268 or.
832 4223 930 4267 contra
940 4217 1045 4268 'Furcas
1057 4218 1081 4279 ξ.
1095 4215 1136 4267 ¹20.
1151 4222 1179 4266 et
1197 4231 1257 4283 quaa
1277 4216 1312 4266 ad
1330 4217 1358 4267 b.
1371 4216 1390 4267 l.
1405 4217 1547 4268 adnotavi·

258 4319 316 4354 mus
334 4302 388 4354 vol.
403 4304 434 4354 V,
448 4320 474 4369 p.
489 4302 546 4354 104.
578 4304 670 4353 Etiam
684 4302 795 4353 Bulreus
813 4302 831 4352 l.
846 4319 869 4353 c.
889 4318 989 4367 „quem
1010 4299 1131 4369 [lulium]
1151 4303 1230 4352 aiunt
1248 4290 1377 4353 clavibus
1390 4303 1469 4354 Patri
1487 4319 1546 4369 pro·

257 4387 338 4438 iactis
356 4387 384 4437 iu
397 4387 526 4450 Tiberim,
547 4389 617 4452 quod
636 4388 964 4440 excommunicationibus
983 4387 1051 4438 nihil
1068 4389 1181 4438 territus
1199 4387 1299 4438 inisset
1311 4387 1480 4452 Ludovicus‚
1501 4405 1545 4439 ac·

257 4474 364 4538 cepisse
384 4473 505 4538 gladium
525 4473 630 4525 Pauli'.
684 4476 753 4524 Dum
772 4473 831 4522 But.
885 4472 1006 4523 Tibridis
1026 4473 1083 4523 Bul.

325 4557 465 4608 Gilbertus
485 4559 639 4609 Duchcrius
657 4560 796 4608 Arvernus
813 4559 899 4624 Aquis
923 4560 1027 4624 sparsis
1050 4559 1146 4623 (Aipue
1164 4556 1253 4622 perse)
1277 4557 1354 4608 circa
1375 4557 1460 4609 linem
1483 4575 1547 4610 saec.

260 4641 298 4690 15.
313 4646 407 4704 uatus,
429 4643 507 4691 cuius
526 4643 609 4692 editio
627 4642 766 4693 Martialis
785 4659 811 4693 a.
826 4643 900 4694 loro.
914 4643 950 4693 8⁰,
970 4643 1120 4694 rarioribus
1139 4643 1218 4695 libris
1237 4642 1445 4705 adnumeratur,
1463 4644 1549 4696 edidit

258 4726 344 4777 etiam
362 4740 472 4777 suorum
493 4727 738 4791 ‘Epigrammatum
756 4728 843 4780 libros
861 4729 937 4780 duos*
956 4744 981 4778 a.
997 4725 1070 4779 1538.
1083 4726 1120 4779 8⁰.
