3270 5354
163 420 168 429 ἢ
183 347 258 419 2¹8
383 377 506 413 RV'H'RM
520 378 557 413 AD
569 377 704 413 GAEBABBH
717 376 929 413 unxlutntanvtt
942 376 1165 414 ΕΡΙΘΒΔΙΙΙΔΤῚΙ
1178 377 1273 413 etanta.

385 533 464 593 irate
486 530 617 599 Phalari,
642 532 825 611 Syracusana

387 635 456 696 Plus
478 632 544 695 ania
566 651 694 702 nocuos,
718 632 896 693 cadaverosa
952 658 953 662 ¹

348 755 371 795 u
387 735 488 812 Regno
512 735 732 814 Laestrygonum
755 735 957 795 cruentioresi

387 837 444 897 Sed
468 855 515 897 me
537 838 636 897 neseio
658 835 727 913 quid
751 837 844 912 magis
866 834 1016 905 molestat,

386 939 424 999 Ut
445 937 536 998 nolim
559 937 685 998 Venetos
707 938 757 998 diu
780 940 942 1016 imperare,

387 1040 501 1117 Negant
523 1058 538 1099 a
563 1039 681 1100 Venetis
702 1039 795 1100 tidem.
813 1040 916 1099 teneri.

323 1220 371 1280 25·
599 1224 725 1275 VOTVM
743 1225 782 1275 IN
799 1223 927 1274 ntottsso
946 1224 1064 1275 Pnnls.

387 1345 447 1406 Has
468 1344 520 1405 tibi
543 1344 618 1404 dena
643 1342 720 1412 iere,
744 1342 846 1403 muudi
868 1349 1023 1421 regnatur,
1046 1343 1081 1404 ad
1105 1362 1186 1414 aras,

472 1444 542 1516 Qum
565 1444 641 1506 dabo
663 1447 720 1505 iam
743 1443 822 1504 salve
844 1446 1032 1523 prosperiora
1056 1445 1144 1523 petie:

388 1549 428 1610 Da
451 1547 588 1608 morbum
612 1564 728 1607 cessare
751 1547 848 1623 pedis,
872 1547 907 1606 tia
930 1545 1023 1607 robur
1046 1547 1232 1626 ademptum,

249 1661 254 1670 ’
361 1672 373 1711 a
472 1650 521 1711 Sic
542 1656 591 1709 tua
614 1666 765 1727 nunqnam
788 1646 885 1709 Arabo
905 1646 1014 1727 templa
1036 1666 1143 1727 sapere
1164 1658 1278 1710 vacent

387 1753 479 1814 Marte
500 1753 578 1828 rapit
600 1749 725 1811 Venetus
748 1750 806 1811 dux
830 1749 1032 1810 Maamilianus
1054 1751 1083 1810 in
1106 1749 1206 1810 hostes

472 1855 635 1914 Germanus
657 1851 770 1930 pedites
792 1860 822 1912 et
843 1850 983 1911 Calabros
1004 1852 1132 1930 equites:

389 1955 454 2017 Nou
476 1972 598 2032 precor,
622 1959 655 2012 ut
677 1953 783 2013 morbo
806 1955 898 2012 rivam
921 1951 1096 2032 tranquillus
1118 1953 1239 2025 abacto,

362 2077 376 2116 a
476 2056 509 2116 iu
531 2053 641 2116 bellum
666 2061 697 2115 ut
719 2060 799 2114 tante
822 2054 873 2115 sed
896 2054 971 2115 duee
995 2053 1079 2115 miles
1101 2074 1181 2117 eam.-

320 2238 369 2300 26.
405 2200 564 2293 MORTEM
580 2239 667 2291 ESSE
686 2240 892 2290 EXTREMVM
910 2240 1057 2291 OMNIVM
1075 2242 1265 2294 MALORVM.

391 2359 520 2422 Verbum
542 2359 664 2420 Caesaris
686 2357 764 2420 haud
786 2358 1042 2440 redarguendum,

392 2463 516 2542 Dignum
540 2461 596 2521 hee
617 2468 738 2539 pectore
761 2460 927 2541 talibusque
949 2463 1039 2539 gest-is

390 2565 428 2626 Et
450 2563 495 2626 rei
518 2562 689 2624 Pharsalico
712 2562 837 2641 amplius
858 2564 1024 2642 triumpho,

363 2668 456 2739 ⁴an
479 2674 605 2727 mortem
627 2667 726 2726 statuit
748 2665 832 2726 malis
853 2683 1026 2744 supremum

392 2769 555 2846 Finemque
578 2765 717 2829 omnibus
740 2767 927 2838 atmodum,
951 2767 1046 2829 dolori

323 2872 326 2876 ’
391 2870 526 2950 Optatam
549 2870 689 2948 requiem.
734 2867 845 2930 Fluunt
866 2878 911 2930 ter
933 2877 1000 2930 ecto

393 2971 532 3035 Germani
554 2971 673 3032 iuvenes
694 2978 815 3032 recente
836 2988 935 3050 pugna

365 3074 425 3135 aln
449 3073 572 3134 thermis
593 3073 688 3150 Aponi
711 3071 826 3151 (nefrat)
850 3074 1012 3153 perempti,

392 3175 454 3237 Nee
476 3176 534 3234 iam
557 3193 643 3236 crura
668 3174 768 3235 dolent
791 3174 957 3254 pedesque,
981 3183 1015 3235 nt
1037 3183 1125 3245 ante;

392 3277 608 3355 Cur.quaarant
629 3277 724 3356 Aponi
746 3274 847 3336 calens
868 3275 1026 3339 lavacrum.

392 3379 477 3451 Quod
502 3396 561 3439 nnn
584 3379 661 3439 unda
685 3378 779 3445 dedit,
803 3396 859 3440 nee
881 3395 946 3447 ara,
969 3397 1025 3440 nee
1047 3377 1156 3450 itariae,

355 3503 379 3545 ra
393 3483 432 3544 Ut
453 3482 503 3541 fiat
524 3479 622 3540 lacero
646 3478 750 3541 medus
772 3479 881 3549 dolori,

392 3583 444 3644 His
465 3588 509 3642 tut
530 3581 694 3651 mensibuS,
719 3580 819 3643 alteris
841 3588 884 3642 tot
904 3583 1004 3652 annis,
1098 3624 1102 3629 -

392 3685 472 3746 Mors
494 3703 551 3745 una
576 3682 678 3744 tribuit
699 3685 767 3745 viris
789 3685 819 3745 iu
841 3682 925 3747 hora.

393 3786 478 3858 erod
501 3787 634 3864 quisquis
656 3786 733 3846 videt
754 3786 936 3864 aestimatque
959 3803 1075 3857 seeum,
1124 3838 1127 3843 .

357 3907 380 3947 ra
395 3888 439 3947 An
462 3887 540 3966 quud
561 3884 653 3947 iulius
677 3886 753 3947 lraud
777 3886 891 3964 putabit
912 3888 1005 3949 idem:

395 3990 490 4051 ‘Mers
512 3997 557 4050 est
578 3990 722 4049 terminus
744 3989 876 4050 omnium
898 3986 1077 4051 malorumt'

258 4214 300 4263 24.
330 4212 341 4246 ⁸
359 4211 419 4276 Syr.
431 4208 506 4277 aula]
523 4210 675 4274 Dionysiia.
718 4207 739 4240 ¹⁰
750 4208 944 4274 Leatrigonum
955 4213 979 4260 1.
997 4210 1170 4260 Leatr.2...4.
1183 4207 1479 4273 anthropophagorun.

259 4297 301 4349 25.
332 4296 376 4346 Cf.
390 4296 476 4361 epigr.
493 4293 532 4345 ll.
545 4310 572 4345 v.
588 4292 628 4344 li.
641 4295 707 4359 ibiq.
722 4293 781 4344 citt.
795 4292 864 4343 loee.
917 4291 928 4323 ⁶
944 4293 1153 4345 Maximilianua
1171 4296 1195 4343 4.

259 4380 303 4432 26.
332 4381 487 4448 Εᾳίρποηι.
502 4383 528 4430 3.
598 4368 754 4440 statuane,
783 4379 894 4444 Aponus
918 4376 1038 4440 (tollens
1061 4376 1185 4441 doleres)
1208 4377 1271 4428 hed.
1291 4377 1401 4440 Aiane,
1426 4377 1483 4427 tona

193 4465 301 4518 cattam
319 4465 516 4517 saluberrimus
535 4465 597 4529 agri
614 4463 746 4515 Patavini
763 4462 813 4513 sub
832 4463 901 4527 ipsis
919 4464 1062 4528 Euganeis
1080 4462 1233 4521 montibus,
1257 4462 1383 4528 antiquie
1405 4462 1483 4513 etiam

193 4549 360 4601 celebratus.
395 4550 472 4599 Inter
491 4548 660 4599 obsidionem
673 4548 837 4597 Patauinum
856 4547 1053 4606 trutinemus,
1072 4563 1153 4612 quem
1172 4546 1241 4597 alibi
1259 4562 1304 4598 me
1323 4546 1418 4614 legera
1435 4560 1496 4597 nen·

192 4635 317 4697 mambri,
336 4634 466 4685 evenisse
484 4631 600 4683 videtur.
654 4631 675 4665 ¹⁸
692 4630 778 4682 Iulius
791 4630 828 4680 11.
839 4629 1009 4695 syphilitieia
1027 4632 1087 4698 ipae
1105 4632 1209 4683 morbi·
1227 4646 1362 4683 aenroaua
1378 4632 1484 4699 ,expira-

192 4722 274 4770 verat
290 4717 316 4768 d.
329 4717 371 4768 21.
384 4717 468 4768 Febr.
484 4730 510 4764 a.
524 4713 596 4766 tata.
