3270 5354
337 329 461 367 mmm
474 329 511 365 uu
524 329 637 365 enormi
650 330 796 368 avarum
809 332 844 365 ou
859 330 947 366 srurv
961 331 1073 367 noriano
1087 331 1295 386 uirorumue.
1383 305 1457 377 279

341 530 344 537 ,
368 484 467 563 Usque
488 483 563 545 adeo
585 483 656 544 nihil
680 484 825 562 estquod
848 502 908 544 non
930 484 972 545 ibi
995 493 1147 564 comparet
1168 505 1290 558 aurum,

341 606 354 646 ι
453 584 585 657 Scilicet,
609 591 641 645 ut
662 584 712 645 iiat
732 603 822 646 aurea
844 585 937 646 lloma
959 587 1076 648 iterum.

320 766 348 828 8·
387 806 392 813 ·
591 770 641 820 DE
661 769 822 821 ROMANIS
840 771 888 820 VT
906 769 1012 822 NVNC.

367 889 476 950 llicunt
496 896 597 949 sancta
619 896 735 968 patres,
759 896 922 967 operantur
944 891 1071 969 pessima
1094 890 1210 961 Romu,

452 989 577 1060 Quidam
600 991 687 1053 etiam
709 989 811 1050 dicunt
832 1008 888 1052 nec
909 988 987 1051 beno
1010 1009 1065 1051 nec
1087 994 1211 1064 faciunt,

367 1089 491 1169 Relligio
516 1099 614 1152 tamen
637 1098 666 1151 et
687 1091 823 1152 Christus
845 1093 989 1152 iactantur
1012 1091 1048 1152 ab
1071 1092 1142 1165 illis,

340 1204 410 1275 ι.
452 1189 578 1253 Tollitur
600 1198 629 1253 et
650 1194 758 1271 passim
781 1199 895 1271 prostat
916 1194 1012 1270 imago
1036 1196 1147 1265 crucis,

366 1294 403 1356 Et
423 1292 579 1374 piscatoris
600 1293 728 1371 gliscunt
749 1294 924 1373 patrimonia
946 1295 1043 1364 Petri,

451 1393 610 1456 vibrantur
632 1396 732 1474 magui
754 1394 876 1457 fulmina
898 1396 1059 1473 pontilicis;
1169 1457 1172 1463 ,

366 1496 457 1559 vestit
478 1514 593 1558 summa
615 1496 707 1574 pedes
729 1516 745 1558 a
768 1499 878 1560 vertice
902 1515 1041 1576 purpura.
1057 1497 1178 1577 longum

341 1620 375 1671 a,
452 1598 534 1661 Pone
555 1606 698 1678 sequens:
722 1599 803 1659 dicas
825 1600 921 1659 vivere
944 1598 1131 1676 simpliciter;

366 1702 403 1763 At
424 1700 479 1761 nisi
501 1718 549 1761 me
571 1698 665 1768 fallat,
689 1700 740 1760 sed
764 1718 914 1778 nunquam
937 1699 1011 1760 adeo
1034 1703 1133 1761 omnia
1157 1699 1274 1771 fallunt,

450 1790 508 1864 ls'ta
531 1803 628 1863 ovium
651 1803 743 1862 miros
766 1803 851 1862 vestit
872 1801 967 1879 imago
989 1799 1085 1880 lupos.

319 1987 347 2044 4·
512 1985 629 2037 OMNIA
647 1985 762 2037 ROMAE
779 1985 939 2037 PECVNIA
957 1986 1099 2038 REDIMI.

366 2106 423 2178 lte,
445 2107 515 2175 viri,
538 2106 671 2167 conferte
693 2123 798 2166 manus
820 2112 849 2165 ot
870 2106 954 2167 vivite
976 2112 1078 2184 rapto,

449 2206 574 2279 Caedite,
598 2206 635 2267 de
657 2224 742 2266 sacro
767 2205 876 2277 vellito,
900 2204 980 2268 obite
1002 2208 1099 2277 nefas,

366 2309 423 2379 lte,
445 2308 570 2387 protana
592 2308 684 2368 sacris
706 2308 842 2377 miscete,
867 2310 1026 2370 assuescite
1048 2308 1135 2378 luxu,

340 2432 352 2473 r
453 2407 547 2471 Omne
570 2408 752 2487 voluptatum
774 2427 829 2488 per
851 2428 945 2488 genus
968 2411 1023 2480 ite,
1047 2412 1116 2480 viri,

366 2510 457 2573 Dicite
477 2516 507 2573 et
528 2531 564 2573 ex
586 2512 651 2590 ipso
672 2511 759 2572 facite
782 2512 879 2572 omnia
901 2513 1027 2590 pessima
1052 2512 1144 2583 dioto,

447 2611 567 2675 Scilicet
589 2619 619 2674 et
640 2611 737 2673 nullos
759 2631 824 2674 esse
844 2619 945 2691 putate
966 2614 1048 2674 deos.

368 2713 497 2775 Vidimus
518 2714 582 2775 haec
603 2713 705 2775 Romae
727 2715 790 2774 fieri
814 2713 893 2793 (quid
916 2716 1044 2775 sanetius
1067 2713 1114 2775 illa
1123 2717 1142 2793 i)

339 2837 352 2875 a
451 2815 488 2877 Et
509 2822 607 2877 tamen
629 2815 666 2876 ad
689 2813 779 2876 coelos
801 2833 860 2876 non
884 2816 981 2877 minus
1003 2834 1068 2877 csso
1092 2817 1175 2877 viam.

365 2917 478 2979 Aurum
502 2919 626 2997 quisquo
648 2918 723 2977 terat
745 2916 883 2985 Romam,
908 2918 1023 2977 virtutis
1045 2915 1161 2977 abunde
1184 2924 1242 2984 est;

399 3074 404 3081 .
450 3020 573 3081 Summa
595 3020 665 3080 lurit
687 3018 804 3089 Romae,
828 3019 879 3096 qui
901 3017 979 3078 bona
1002 3019 1096 3078 nescit
1118 3019 1192 3085 emi;

365 3119 547 3194 Quinetiam,
571 3128 603 3181 ut
624 3121 730 3190 lacius,
754 3122 827 3182 ernis
849 3137 922 3180 auro
945 3119 1041 3198 turpia
1065 3118 1175 3178 llomae.

328 3242 353 3284 12
452 3221 524 3293 Quae
546 3239 613 3283 cum
635 3223 674 3283 ita
697 3224 770 3293 siut,
794 3223 859 3283 dico
882 3220 960 3300 quod
983 3220 1080 3298 prius,
1104 3225 1167 3280 este
1189 3218 1273 3281 malit

318 3403 347 3463 u.
578 3474 581 3479 Ι
624 3408 675 3459 nn
694 3406 811 3458 srarv
828 3403 991 3457 normico.

365 3526 464 3605 Liquit
484 3527 640 3588 Aventinus
663 3543 748 3588 arcos
770 3525 954 3605 Tarpeiaque
977 3544 1045 3586 sara

450 3627 487 3689 m
507 3625 653 3689 debellata
677 3634 782 3689 cratera
804 3629 834 3689 iu
856 3626 932 3688 urbe
954 3627 1075 3698 Petrus,

364 3729 482 3807 Proque
502 3726 591 3790 Petro
614 3729 693 3791 subit
714 3728 763 3789 illo
785 3729 894 3809 Symon
915 3736 1155 3810 regnatque'por
1177 3747 1243 3791 aras

339 3851 352 3892 t
452 3830 489 3890 Et
510 3828 654 3892 debellata
677 3838 783 3907 regnat
805 3831 833 3890 in
857 3830 932 3892 urbe
955 3831 1075 3911 Symon.

365 3931 471 3993 Nescio
493 3950 551 4011 quo
574 3932 686 4010 captiva
708 3932 794 4001 ratis,
819 3930 940 3993 ecclesia
964 3951 1022 4012 quo
1045 3952 1077 3992 se

450 4032 617 4112 Proripuit:
641 4030 742 4092 Romae
765 4039 810 4093 est
831 4031 888 4093 tale
909 4033 1009 4094 uidere
1032 4031 1111 4093 nihil.

366 4134 472 4196 Vendit
493 4152 577 4196 sacra
600 4135 709 4214 Spmon
732 4133 888 4213 venditque
911 4134 1035 4212 prolana
1057 4135 1197 4211 perinde,

339 4257 353 4298 a
451 4236 562 4315 Atque,
585 4236 625 4296 ita
646 4254 694 4296 me
716 4234 864 4305 Christus,
889 4236 987 4294 omnia
1010 4235 1123 4305 rendit,
1147 4241 1235 4296 amet.

228 4406 239 4440 ⁴
251 4407 371 4459 Auream
377 4406 492 4456 Romam
503 4405 600 4455 nescio
612 4404 673 4469 quia
685 4402 769 4465 dicat,
781 4404 834 4453 nisi
846 4403 880 4453 do
893 4418 1001 4453 nummo
1015 4419 1097 4454 aureo
1108 4404 1201 4454 Romae
1214 4404 1324 4453 nomine
1335 4404 1453 4469 signato.

228 4492 254 4543 6.
286 4493 345 4542 Hoc
362 4493 444 4556 eplor.
457 4505 504 4543 om.
519 4493 545 4540 3.
597 4487 720 4554 ³Aquo
733 4488 864 4539 simonia.
883 4514 916 4523 —
961 4495 988 4538 et
1004 4491 1041 4537 itu
1059 4490 1085 4536 in
1101 4503 1157 4552 sqq.
1177 4488 1270 4538 Simon
1283 4491 1342 4538 Η.
1357 4495 1382 4538 et
1394 4486 1452 4537 664.

159 4576 285 4641 (ot-mu
297 4570 537 4641 bibliogr.p.³t⁸.
551 4574 614 4626 ub.
628 4572 700 4640 sqq.)
746 4573 1051 4639 ὁ(ῃιοιιιινίιοιιρείνιι,
1066 4572 1188 4623 ecoled.
1202 4589 1229 4625 a.
1243 4570 1317 4623 1664.
1363 4571 1456 4638 ⁷pro·

154 4660 257 4730 phano
273 4663 332 4711 Μ.
346 4667 372 4710 et
388 4660 431 4709 ed.
443 4674 469 4709 a.
484 4655 558 4708 1664.
