3270 5354
206 377 212 389 “
274 336 348 410 258
473 366 595 403 imum
607 365 645 401 AB
658 364 791 401 cinam!
804 361 1015 399 unumunurn
1028 360 1249 397 ΙΗΘΙΔΙΙΔῚὟΙ
1263 359 1358 395 utun.

474 521 576 600 Regna
592 527 695 600 petunt
710 520 821 588 Veneti,
837 519 889 580 sed
905 537 963 578 non
980 536 1047 578 sna:
1063 534 1151 595 quam
1167 517 1205 576 sit
1219 515 1376 575 honestum
1393 513 1466 580 hoc.

450 643 463 683 i
562 622 646 687 Haud
669 641 766 701 operae
788 622 919 699 precium
942 620 1200 704 perspicereesse
1222 623 1345 697 putant:
1395 598 1403 612 ⁹

476 726 514 788 Ut
535 727 664 804 rapiant,
688 726 775 785 sociis
797 729 914 784 armant
935 740 966 784 se
988 723 1018 781 in
1041 718 1140 800 prelia
1163 717 1269 787 Gallis,

560 827 679 906 iamque
701 826 775 887 adeo
797 831 912 885 tentant
934 825 1055 886 nasoon
1077 840 1158 884 arma
1181 820 1287 900 palam.

475 909 638 1007 iungantur
661 926 750 989 Gallis
773 926 891 988 Veneti:
915 944 970 987 nos
992 944 1077 986 causa
1101 929 1217 992 tuetur,

451 1051 463 1090 a
560 1030 647 1104 Qua,
671 1031 809 1109 quoniam
831 1029 905 1089 iusta
929 1035 986 1095 est,
1010 1044 1093 1105 spem
1115 1024 1195 1087 iubet
1215 1042 1281 1085 esse
1304 1029 1409 1085 ratam.

477 1131 592 1193 Ultores
614 1138 732 1210 sperate
753 1131 840 1200 deos,
865 1131 971 1191 iniuria
994 1127 1064 1211 belii

561 1233 641 1304 Quos
663 1235 786 1313 premit;
809 1234 923 1293 interea
946 1232 1086 1309 corripite
1108 1247 1189 1290 arma
1211 1235 1326 1289 tamen:
1352 1280 1355 1285 .

477 1337 600 1413 ignavos
622 1335 712 1396 odere
734 1334 796 1403 dei,
820 1333 1004 1413 vigilantibus
1026 1333 1146 1393 adsunt:

440 1459 464 1500 rr
563 1437 595 1497 iu
619 1440 787 1498 coniuratos
809 1437 950 1515 corripite
973 1453 1068 1503 arma,
1092 1433 1158 1494 viri!

393 1619 456 1679 128·
598 1625 647 1674 DE
667 1623 788 1674 BELLO
808 1622 954 1674 VENETO
973 1622 1022 1671 An
1041 1619 1230 1670 CAESAREM.

477 1743 590 1804 Bellum
613 1744 718 1821 ingens
740 1742 849 1802 oritur:
872 1741 948 1821 proh
971 1740 1107 1801 crumina!
1130 1739 1250 1799 materia
1266 1744 1333 1816 apta
1350 1746 1395 1796 est

562 1843 654 1915 Quam
678 1844 735 1907 sibi
756 1845 889 1906 desumat
911 1843 1063 1924 quodlibet
1083 1841 1247 1918 ingenium:

479 1946 598 2024 Magnas
620 1949 698 2026 cogit
720 1965 791 2025 opes
813 1965 919 2025 magun
942 1943 1091 2005 molimine
1113 1940 1228 2020 Gallus,

454 2071 465 2109 a
565 2027 627 2111 Nec
650 2049 766 2110 Venetis
787 2056 902 2127 sumpta
926 2056 969 2108 est
991 2047 1088 2107 acrior
1110 2047 1152 2106 ira
1176 2046 1273 2123 prium

479 2148 669 2231 Tranquillus
690 2152 801 2229 petitur
824 2150 936 2217 Caesar,
960 2151 1091 2228 tantique
1113 2155 1234 2225 paratus

564 2252 653 2313 Unica
678 2254 859 2314 Germanum
881 2270 968 2312 causa
991 2251 1022 2311 tit
1044 2250 1210 2328 imperium.

480 2355 539 2434 Spe
562 2372 665 2432 magna
688 2372 793 2433 gerere
814 2372 895 2414 arma
919 2354 1019 2414 datur:
1042 2355 1100 2413 iam
1116 2349 1269 2419 montino,
1293 2349 1407 2417 Cesar:

455 2482 467 2517 s
567 2457 628 2518 liae
650 2464 678 2517 te
701 2457 833 2516 cunctari
855 2474 904 2516 res
927 2455 993 2516 tulit
1013 2455 1067 2516 ista
1089 2461 1189 2524 tenus,

481 2557 560 2618 Ultra
584 2559 678 2619 omnis
701 2557 840 2618 damnosa
863 2577 946 2618 mora
970 2565 1027 2626 est,
1053 2573 1156 2632 magna
1179 2554 1272 2614 hostis
1294 2553 1407 2623 aditur,

565 2660 623 2721 Sed
646 2679 765 2738 quaese
789 2662 864 2720 vinci
887 2660 1025 2727 sustinet,
1048 2659 1106 2728 ira,
1129 2666 1243 2718 tamen:

481 2761 614 2833 Quorum
636 2768 796 2840 utrumque
818 2763 907 2821 armis
928 2762 1132 2839 superavimus
1154 2766 1220 2819 ante
1241 2775 1392 2822 seorsum.

446 2887 468 2926 n
567 2864 639 2937 Quis
660 2863 800 2943 prohibet
821 2865 937 2925 iunctos
959 2880 1123 2941 exuperare
1145 2861 1237 2923 duos?

398 3045 463 3106 129·
515 3050 637 3113 QVALE
657 3051 714 3100 s1T
733 3050 897 3101 Hosurvnt
915 3050 1055 3099 FOEDVS.
1075 3049 1123 3098 Al)
1143 3045 1331 3105 GAESAREM,

483 3169 534 3231 iiie
557 3171 630 3232 adeo
652 3189 770 3248 semper
793 3171 970 3231 Venetorum
994 3170 1128 3246 cognitus
1151 3167 1258 3238 hostis,

568 3272 640 3332 Cum
665 3272 781 3334 Venetis
802 3271 921 3332 tandem
945 3272 1070 3340 ioedera,
1094 3269 1209 3338 Gallus,
1232 3272 1300 3331 init:

485 3373 525 3434 [ia
548 3375 710 3453 specimen,
734 3375 895 3442 Germane,
918 3376 977 3444 tui,
1001 3391 1106 3455 rumpe
1128 3374 1206 3442 ocia,
1230 3374 1343 3442 (lesam

457 3496 469 3535 ⁴
569 3476 683 3555 Totque
705 3476 856 3538 lacessitus
878 3494 989 3556 prorue
1011 3477 1041 3537 iu
1064 3494 1145 3537 arma
1167 3474 1276 3538 modis!

486 3576 587 3637 Omnis
608 3580 637 3638 in
662 3586 781 3639 eventus
802 3597 904 3641 rernm
927 3575 1017 3641 italus
1039 3579 1142 3657 arrigit
1163 3597 1267 3649 aures,

569 3679 696 3741 Mentem
719 3679 774 3741 iilis
795 3682 908 3741 novitas
930 3680 1041 3749 adiicit,
1065 3679 1110 3740 his
1132 3680 1247 3742 adimit:

487 3780 639 3860 Expavere
661 3780 765 3859 aliqui,
787 3789 858 3842 tum·
872 3780 957 3861 plebs
979 3784 1080 3860 ignara
1103 3782 1210 3852 futuri,

461 3904 473 3943 s
573 3883 611 3945 Ut
632 3885 727 3962 possis
749 3886 820 3944 satis
843 3883 888 3944 his
910 3883 1021 3944 viribus
1044 3901 1125 3953 esse,
1148 3885 1240 3949 timet.

290 4044 308 4048 -.
326 4039 486 4048 .--—--..-—-

355 4124 411 4177 127.
439 4121 585 4190 ⁴prstinm
604 4126 629 4175 t.
700 4121 719 4156 ¹¹
737 4123 819 4175 Hane
842 4123 922 4175 fidem
941 4123 1077 4176 Hnttenus
1100 4130 1163 4191 post
1184 4140 1219 4176 es
1242 4139 1348 4191 qnoque
1369 4131 1397 4177 ct
1415 4125 1526 4191 scriptis
1543 4128 1567 4172 ot

284 4213 344 4261 vite
361 4210 499 4275 professus
518 4215 570 4260 est.

355 4293 411 4344 128.
441 4294 501 4344 Hoc
520 4295 644 4347 imitatus
662 4300 705 4346 est
721 4295 852 4348 Enbanus
870 4295 976 4346 Hessus
994 4291 1192 4363 epigrammate
1211 4296 1246 4347 ad
1265 4301 1365 4362 poetas
1382 4298 1425 4348 sui
1444 4296 1569 4362 temporis

286 4380 357 4445 qnod
375 4379 546 4429 exhibuimus
564 4379 618 4433 voi.
632 4381 654 4430 1.
667 4397 694 4447 p.
711 4381 767 4433 123.
821 4378 839 4413 ¹¹
858 4385 970 4445 utrunqj
990 4383 1012 4430 l.
1064 4377 1086 4412 ¹²
1105 4396 1269 4447 exsuperare
1284 4386 1306 4431 1.
1610 4431 1616 4446 ‚

355 4462 729 4529 dampnaremur.
787 4463 995 4531 “arrigetm
1053 4463 1071 4496 ¹¹
1091 4456 1282 4516 Memorabilis
1300 4467 1328 4515 in
1348 4468 1448 4518 invene
1467 4482 1516 4532 per
1535 4467 1568 4515 iu·

287 4555 352 4600 enta
369 4547 604 4613 diplomaticornm
623 4567 690 4616 qnos
707 4550 788 4601 hodie
807 4566 936 4601 vocemus
955 4550 1017 4601 reia
1035 4550 1129 4601 tristes
1146 4551 1267 4616 ipsarum
1285 4565 1380 4612 rernm,
1394 4553 1498 4601 formes
1511 4567 1571 4601 cau·

287 4648 387 4697 sasque
410 4635 596 4697 cognoscendi
620 4638 705 4686 acies.
742 4637 831 4699 Quom
855 4637 938 4686 velim
960 4635 1145 4686 Mecnuioenm
1170 4635 1314 4702 Anglicnm
1338 4636 1503 4688 historicum
1533 4637 1572 4686 iris

287 4717 405 4766 Hntteni
424 4717 552 4781 operibns
570 4722 610 4769 uti
629 4722 760 4786 potuisse.
