3270 5354
345 407 496 445 ΕᾸΒΙΙιΙιΙΟΙ
507 408 602 445 natu
615 409 784 447 vannum
797 409 990 447 vsnsotnlcvs
1003 413 1023 447 1.
1037 412 1262 449 (sunsvmmost.
1376 383 1448 454 309

362 566 423 623 Non
445 566 583 624 Senonum
600 569 695 638 placet
714 585 765 622 ora
785 568 887 639 ferox,
907 584 962 624 non
978 574 1127 639 proximus
1144 574 1183 627 itti

359 650 493 724 ,llultifido
514 654 564 725 qui
582 667 613 707 se
634 652 753 707 traducit
772 655 801 707 in
821 669 933 725 eequora
953 655 1035 724 lapsu

359 737 537 805 Heridanus‚
559 752 610 792 nee
629 754 690 809 queo
707 739 807 809 peluqo
829 737 902 792 dedit
922 739 1140 809 Memnonen,

361 823 463 879 Alludit
482 823 534 878 sed
550 822 614 878 lata
637 823 718 878 loeis:
739 825 840 878 sentire
853 829 984 894 putasses

309 927 349 968 mo
362 907 423 963 lam
441 906 531 982 fatale
551 908 638 964 solum
656 913 802 981 terrmque
819 915 913 963 astare
930 915 1072 980 repostam
1155 963 1158 969 ,

252 1027 259 1047 .
360 992 389 1049 It
401 995 504 1065 procul
519 1008 555 1049 ae
575 994 680 1049 celeres
697 1007 797 1048 cursous
818 992 922 1048 librare
935 1009 989 1064 per
1007 1011 1103 1055 auras,

360 1078 464 1150 Incipit
483 1084 510 1133 et
528 1080 589 1134 lato
610 1093 670 1134 sese
688 1079 828 1133 demittere
846 1079 958 1148 plausu.

361 1163 512 1236 Sparqitnr
530 1165 651 1219 Adriaev
670 1164 777 1235 passim
798 1180 854 1218 nou
873 1179 929 1217 una
947 1179 1057 1220 recessu

359 1248 473 1317 Instda,
494 1266 550 1322 qua
572 1249 668 1305 Derim
688 1247 812 1320 infusam
834 1249 941 1320 lateque
961 1249 1103 1322 voqontem

297 1333 348 1391 'sm
362 1334 448 1390 littus
467 1333 504 1388 ab
523 1336 620 1389 insarm
634 1334 721 1405 fluctu
744 1331 868 1404 defendit
887 1339 914 1387 et
930 1341 1042 1389 austro.-

359 1418 438 1486 Huc,
455 1419 537 1474 simut
556 1420 658 1474 matum
670 1420 819 1490 presensit
838 1418 934 1473 Nerea
955 1419 1070 1491 Tethys,

358 1503 496 1559 Natarum
514 1504 641 1559 comitata
658 1520 744 1559 manu
764 1518 796 1557 se
810 1505 932 1575 proripit
951 1505 1006 1560 alto

360 1588 520 1663 Glaucoque
538 1589 642 1662 nurum
663 1589 842 1659 complectens
858 1590 975 1659 flumina
996 1605 1073 1645 nexu

358 1677 517 1747 Aequoreos
537 1675 629 1729 undas
649 1674 731 1729 undis
748 1674 904 1745 fluuialibus
921 1675 992 1729 ultro

308 1777 347 1817 sno
360 1758 461 1814 Miscet
481 1767 506 1814 et
527 1761 616 1832 iqnoto
636 1761 755 1832 qeminnt
776 1775 845 1813 nova
862 1760 982 1831 piqnora
1003 1758 1089 1829 sivetu.

358 1844 412 1900 His
431 1844 581 1917 fortunatis
602 1845 696 1900 niellus
717 1850 781 1898 tunc
802 1844 889 1898 incola
912 1846 1007 1910 terris,

357 1932 412 1986 Aut
431 1931 458 1984 si
473 1929 555 2002 [amn
576 1935 651 1984 vetus
672 1943 739 1984 vera
760 1935 814 1995 est,
833 1942 975 1999 perrarus
993 1929 1105 2001 uqelot:

359 2015 481 2071 mucius
501 2015 552 2070 sed
575 2029 679 2086 sparsa
700 2012 792 2068 eleonis
808 2029 863 2085 per
885 2014 971 2068 densa
992 2017 1091 2085 vuqori

358 2101 473 2172 Aqmr‘na
497 2100 704 2172 Nympharum,
727 2101 852 2172 lentoque
871 2099 921 2154 sub
943 2099 1053 2154 arboris
1073 2100 1170 2155 unibra

307 2199 345 2242 sto
359 2185 490 2242 Naidilms
510 2187 604 2241 mixtae
623 2184 753 2239 Nereides
774 2186 830 2239 alta
849 2182 946 2256 [overe

360 2270 441 2338 Oeio,
463 2276 490 2326 et
507 2272 599 2342 aprici
618 2272 761 2325 vernantia
781 2270 872 2325 littora
892 2271 998 2324 circum

357 2354 500 2429 Sparqere
518 2355 648 2427 fatidicos
667 2360 767 2409 cantus
783 2355 822 2407 ad
839 2355 943 2425 sydera
964 2357 1058 2427 appui.-

330 2460 341 2480 ·
357 2439 480 2496 Substitit
498 2446 525 2495 et
543 2447 657 2495 mentem
681 2438 788 2494 Oebalio
807 2439 925 2494 demulta
947 2455 1050 2495 canore

363 2526 472 2600 Terque
493 2532 644 2598 quaterque
663 2539 746 2596 vaqos
766 2527 887 2596 repetitis
903 2525 1049 2597 plausibus
1069 2525 1149 2580 orbes
1196 2519 1198 2525 ’

306 2627 345 2669 svo
358 2612 494 2682 Explicat
516 2619 542 2666 et
563 2611 629 2666 calo
645 2612 745 2665 sensim
766 2610 883 2664 demissa
904 2624 1003 2666 sereno

356 2697 428 2752 Natu
446 2703 539 2751 secuta
558 2696 640 2751 deum
658 2694 792 2767 salicibus
813 2694 923 2750 ineidat
940 2698 1005 2751 oris.

357 2780 403 2838 Sic
424 2781 470 2837 nbi
489 2783 517 2836 in
538 2795 586 2836 eoo
608 2782 752 2852 reparavit
770 2781 875 2835 sacuta
895 2780 986 2847 busto,

358 2865 448 2922 Sensit
467 2871 492 2921 et
512 2868 599 2922 invisa
620 2880 651 2921 se
671 2872 783 2920 euntium
805 2865 925 2920 muira
944 2871 1068 2931 senecta,

357 2951 450 3007 Latius
469 2951 507 3006 nd
525 2949 673 3022 Aethiopas
692 2956 797 3005 remeat
817 2957 961 3023 terrasque
979 2951 1072 3006 beatus

304 3052 343 3093 sss
357 3036 500 3109 Aspim'eus
518 3038 579 3092 laeto
597 3036 713 3105 plania
734 3038 864 3108 etonqore
884 3037 998 3113 salutat.-

359 3121 427 3178 Tum
448 3135 512 3177 vero
529 3122 649 3176 insontes
666 3123 778 3193 populi,
800 3136 868 3194 quos
885 3120 1008 3193 pallidus
1029 3123 1094 3175 aseri

358 3207 404 3262 Nil
423 3214 508 3262 movet
527 3212 669 3279 aspectus,
693 3209 751 3262 msa
767 3208 873 3278 procul
892 3207 955 3261 alite
975 3213 1093 3261 evermeut

357 3292 552 3365 dilapsumque
569 3294 634 3363 polo
654 3294 795 3364 excipiunt
815 3293 933 3362 votisque
953 3296 1072 3362 receptio

310 3390 314 3398 ·
357 3376 434 3432 Mille
454 3385 550 3449 optant
568 3393 656 3433 annos
677 3378 845 3449 melioraque
866 3382 989 3447 tempora
1011 3378 1080 3432 vitto.

306 3478 344 3518 seo
361 3462 429 3517 Tam
442 3463 555 3534 placido
574 3463 699 3518 Fortuna
716 3462 808 3540 qrvdu
825 3476 992 3535 praepesque
1012 3462 1101 3516 volatu

358 3547 447 3619 Affuit
468 3553 495 3603 et
514 3562 647 3620 superum
668 3548 736 3620 satis
753 3549 864 3619 allapsa
879 3562 935 3620 per
955 3563 1043 3602 aitrus

358 3632 455 3689 Desilit
473 3633 623 3701 atterens,
647 3633 722 3689 laetos
742 3635 844 3688 sentire
860 3639 993 3704 putasses

357 3719 493 3774 decessus
513 3724 566 3774 toto
582 3718 747 3790 plaudentes
768 3734 879 3791 aequore
897 3717 1043 3790 Nymphas

359 3802 586 3877 Prostrntumque
606 3804 710 3876 fretum
730 3805 853 3875 ripisque
874 3805 979 3874 inflexa
1000 3805 1112 3858 carioris

305 3905 344 3946 sss
358 3889 485 3945 Flumina
507 3896 534 3945 et
550 3889 612 3944 lteee
628 3891 730 3944 circum
754 3889 906 3944 meditantis
924 3903 1037 3943 carmen
1060 3889 1157 3944 olores.

356 3973 410 4029 Nla
431 3980 521 4030 autem
541 3975 607 4030 eoelo
629 3974 734 4030 libralis
754 3976 869 4030 molliter
891 3975 944 4029 alis

358 4058 474 4115 Labitur
495 4067 520 4116 et
542 4060 653 4115 stabiles
675 4060 774 4115 deutra
795 4060 846 4114 sibi
865 4061 975 4115 numine
996 4063 1088 4112 terrus

357 4145 457 4217 Neliqit
477 4152 560 4218 atque
580 4160 658 4200 omen
678 4160 770 4201 seeum
792 4145 851 4216 sert
871 4146 934 4200 lata
953 4142 1046 4214 [semri

358 4228 488 4302 Imperii,
507 4233 554 4287 eui
574 4235 650 4285 terra
669 4232 731 4285 olim
755 4233 872 4286 serviret
892 4236 917 4284 et
937 4244 1041 4298 sequor.

221 4428 256 4460 '⁰‘
275 4423 350 4478 Inter
367 4430 500 4480 Anconam
518 4430 718 4496 Naveunumque.
772 4429 805 4461 ³⁰⁶
823 4430 870 4479 Po.
923 4426 957 4463 ³¹⁰
974 4429 1097 4491 repostos
1116 4432 1139 4479 1.
1159 4429 1202 4479 Cf.
1220 4432 1298 4496 Verq.
1311 4433 1379 4485 Aen.
1394 4436 1444 4484 111.

156 4511 214 4564 304.
284 4511 319 4546 ⁸¹⁴
337 4512 424 4564 dorim
443 4518 466 4564 1.
484 4516 537 4566 i.e.
552 4517 657 4565 Novium
675 4531 696 4566 s.
715 4516 820 4566 Dorium
841 4516 973 4576 rumorem,
997 4513 1070 4561 Dora
1092 4513 1184 4564 baltea.
1253 4515 1287 4547 ³¹⁶
1310 4518 1401 4582 tethys
1421 4524 1444 4570 1.

157 4596 226 4649 cuti
238 4596 413 4665 Tellurisque
427 4598 492 4657 filiu,
512 4599 620 4651 Oceani
632 4617 706 4651 uxor.
720 4601 756 4650 of.
771 4600 851 4651 Ovid.
866 4601 928 4651 fast.
941 4603 974 4653 V.
987 4601 1028 4651 81.
1043 4615 1101 4664 sqq·
1170 4598 1204 4631 ³²⁰
1224 4601 1383 4667 haquuorum
1401 4607 1444 4655 de-

156 4685 274 4749 scriptio.
328 4682 362 4717 ⁸²⁸
380 4685 493 4736 Sustitit
512 4690 535 4736 t.
595 4685 710 4736 Oebalius
728 4688 746 4735 i.
759 4703 781 4737 e.
796 4686 956 4751 Spartanus.
976 4687 1113 4738 adluditur
1131 4685 1165 4734 ad
1185 4701 1300 4751 cygnum
1319 4690 1365 4753 qui
1385 4705 1444 4741 eum

158 4766 300 4835 spamus
316 4769 397 4820 Leo·
413 4785 471 4820 rem
488 4770 594 4821 habui.
647 4767 736 4813 Μ·
756 4771 794 4834 es.
807 4777 833 4822 m
850 4773 939 4836 promo
955 4774 1021 4824 evm.
1035 4773 1071 4823 H.
1084 4773 1117 4822 u.
1130 4772 1161 4822 x.
1175 4760 1227 4835 v‚'2.
1241 4790 1265 4825 ο.
1277 4775 1389 4840 sueupp.
