3270 5354
168 357 240 427 442
264 386 435 421 BhiiVTilERil
450 385 552 420 urzunl
566 384 728 420 rnrvttrflvs
741 384 879 419 DOGTORIB
891 385 1033 420 nnvcuuttt
1048 384 1293 423 8.10A·CAP1{10N18
1306 387 1435 424 81001101.

370 543 444 600 Aera
467 539 609 619 Phrygis,
633 537 762 617 dantque
784 540 933 617 ingentem
956 557 1098 619 percussa
1119 539 1241 603 boatum

369 642 502 717 Tergora
525 647 608 701 tensa
630 638 736 710 boum;
760 641 906 701 feriuntur
927 640 1032 720 sydera
1055 649 1160 713 cantu,

369 744 525 822 Accipiunt
546 749 661 803 montes
683 749 864 821 acceptaque
887 744 1016 803 carmina
1039 743 1182 815 reddunt,
1256 743 1430 832 lsssslgffi·

318 865 355 906 seo
370 846 521 906 Percussae
543 844 670 905 reboant
691 842 797 913 valles,
820 842 967 925 sylvaeque
989 846 1116 906 vicissim

370 947 512 1008 Exaudite
536 953 662 1015 canunt;
685 946 831 1007 mirantur
853 948 972 1008 numina
995 948 1074 1008 ruris

369 1050 522 1127 Faunique
544 1048 732 1128 Dryadesque
755 1055 784 1109 et
805 1066 871 1126 quae
893 1067 945 1109 sua
967 1048 1088 1109 domina
1110 1058 1245 1121 serrant,

370 1149 501 1230 Quaeque
523 1151 585 1211 dete
607 1151 704 1210 lentes
727 1157 757 1211 et
777 1150 869 1211 llorea
892 1156 976 1229 prata
998 1168 1165 1230 nemusque

370 1253 406 1312 Et
428 1252 536 1312 virides
558 1259 663 1313 curant
685 1250 794 1320 saltus,
819 1252 968 1330 dapniona
991 1255 1143 1314 canenteis

316 1375 355 1416 ess
369 1355 533 1416 observant
554 1372 695 1415 numeros
717 1359 913 1433 repetuntque
935 1374 969 1415 ea
992 1354 1098 1432 gaudia
1120 1373 1232 1417 secum.

370 1457 485 1518 lnterea
507 1456 574 1517 lecti
597 1458 717 1517 iuvenes
739 1457 883 1535 puerique
906 1459 987 1517 suavi

371 1560 520 1620 Concentu
544 1557 674 1619 mulcent
695 1575 783 1618 aures
806 1565 835 1618 et
857 1557 969 1636 grande
991 1567 1091 1620 coacta

370 1661 528 1721 Harmonia
551 1658 741 1720 modulantur
763 1677 848 1738 epos,
873 1661 1077 1739 concinnaque
1099 1663 1199 1723 mixtis

369 1762 488 1823 Addunt
508 1761 597 1823 verba
621 1761 716 1822 modis
739 1761 897 1840 Capnionis
920 1761 1057 1823 habentia
1078 1761 1190 1824 laudes.

317 1885 356 1926 seo
433 1864 487 1925 llic
503 1865 561 1933 vir,
578 1864 625 1924 hie
641 1871 700 1933 est,
720 1865 808 1934 cives,
825 1882 913 1942 quern
929 1881 979 1924 vos
994 1865 1082 1942 paulo
1097 1873 1165 1927 ante
1180 1867 1304 1946 petitum
1338 1861 1432 1951 ssgllffil

370 1966 448 2027 Mille
470 1966 559 2037 dolis,
582 1965 660 2026 mille
682 1966 795 2026 insidiis
817 1973 904 2045 atque
927 1973 990 2027 arte
1012 1966 1154 2046 maligna,
1339 1950 1410 1984 ”¹⁹⁰²

370 2069 517 2130 Promissa
540 2068 671 2128 doluistis
694 2087 766 2146 ope,
790 2068 853 2128 lraec
876 2067 1050 2129 venerabilis
1072 2068 1120 2130 illa
1142 2077 1187 2131 est

370 2171 501 2232 Canicies
523 2171 615 2231 sancti
639 2171 756 2250 capitis,
780 2171 827 2229 cui
849 2168 937 2230 debet
958 2170 1103 2232 honorem

370 2272 407 2333 Et
429 2275 477 2334 cui
498 2290 616 2350 semper
637 2271 727 2332 habet
749 2272 844 2351 plenis
864 2274 1020 2334 Germania
1043 2275 1133 2345 rotis,

318 2394 356 2436 soa
370 2375 483 2436 Virtute
505 2374 648 2436 illustrata
670 2373 739 2440 riri;
763 2374 811 2434 hic
834 2380 879 2435 est
901 2372 948 2434 ille
971 2358 1106 2436 lerorunr¹
1350 2372 1438 2461 iffi,

368 2477 537 2554 Intrepidus
559 2477 686 2537 domitor
709 2482 911 2537 monstrorum
934 2477 1099 2555 invictaque
1122 2478 1243 2548 mastix,

369 2578 424 2649 Qui
448 2585 559 2640 temere
582 2579 702 2639 Fratres
724 2596 810 2640 ausos
832 2585 1005 2657 temereque
1027 2579 1196 2658 Sophiste,

371 2682 477 2743 Laudis
500 2700 574 2761 opus
597 2681 717 2760 plenum
742 2689 771 2742 et
792 2681 1017 2742 memorandum
1039 2682 1069 2741 in
1092 2681 1192 2744 secula
1215 2682 1323 2744 lectum

369 2784 521 2853 Contudit,
545 2792 574 2845 et
595 2783 686 2845 multa
707 2783 840 2863 trepidos
862 2783 1020 2845 formidine
1042 2790 1179 2847 sternens

318 2904 359 2945 eoo
375 2887 513 2947 intactam
537 2888 664 2948 asseruit
686 2885 723 2945 ab
745 2887 846 2963 iniquo
869 2885 967 2947 iudice
990 2886 1112 2954 iamenu

369 2987 424 3058 Oui
442 2988 601 3051 debellatis
623 2988 741 3049 inlanda
764 2986 935 3066 parantibus
957 2989 1038 3048 omni

369 3092 457 3153 Exuit
478 3091 641 3171 opprobrio
664 3108 745 3159 sese,
770 3092 967 3167 ementitaque
989 3089 1075 3168 liquit

369 3196 438 3255 Post
459 3203 575 3272 tergum
597 3192 727 3264 seelera,
751 3199 840 3270 atque
863 3210 879 3252 e
901 3193 1071 3271 suspicione
1093 3194 1247 3261 remersit,

368 3297 462 3368 Quam
485 3296 554 3355 lacti
577 3303 700 3356 tenuere
724 3294 829 3362 rudes;
853 3293 916 3355 lraec
938 3293 1048 3371 gloria,
1072 3295 1166 3365 cives,

316 3419 354 3459 sos
368 3398 436 3458 Haeo
458 3396 508 3457 illa
531 3397 637 3457 invidia
660 3403 719 3465 est,
743 3394 902 3457 multorum
927 3398 1054 3458 exercita
1079 3398 1144 3458 nisu
1283 3392 1437 3481 {31‘ff{‚·„⁰¹,¹}:,lg

368 3501 462 3578 Atque
484 3517 544 3559 uno
570 3498 690 3559 defensa
713 3501 827 3568 animm
851 3499 906 3559 diis
928 3500 1020 3577 gratia
1044 3516 1196 3577 nunquam

368 3601 433 3661 Non
455 3601 568 3663 scelera
591 3600 693 3662 ulcisci
714 3603 878 3680 vetitosque
901 3600 1066 3662 volentibus
1088 3618 1186 3661 ausus.

432 3702 584 3774 dicatio,
607 3706 632 3764 si
654 3722 686 3765 se
709 3706 788 3765 norit
810 3705 984 3772 Germania,
1008 3703 1102 3771 dicat,

368 3804 460 3883 lnque
482 3805 647 3885 inculpatos
669 3805 780 3867 reserat
802 3805 962 3867 clarissima
986 3805 1076 3865 lastos
1254 3800 1444 3881 lfflfffflffi‘*

319 3928 359 3968 nro
374 3909 461 3969 Facta
485 3909 554 3978 viri,
578 3909 762 3987 memorique
784 3909 899 3968 omneis
921 3912 1046 3968 aeternet
1067 3906 1098 3965 in
1121 3922 1215 3965 auitos

367 4011 493 4072 llecreto
515 4009 682 4087 titulisque,
707 4017 736 4071 et
758 4027 833 4088 quos
855 4009 989 4071 decernit
1011 4007 1140 4068 honores
1186 4084 1189 4088 ⁴

367 4114 476 4173 Victori
499 4110 676 4190 populorum
700 4118 729 4173 et
751 4113 801 4191 qui
824 4130 856 4172 se
879 4112 907 4169 in
930 4111 1074 4187 sanguine
1096 4110 1200 4170 mersit

367 4213 489 4285 Hostili,
513 4216 623 4293 quique
645 4232 798 4275 armorum
820 4211 985 4292 praecelluit
1005 4229 1078 4280 usu,

231 4400 265 4434 ⁵⁷⁸
283 4401 374 4452 sidera
394 4406 418 4452 3.
428 4405 484 4452 Η.
548 4400 582 4434 000
599 4401 732 4467 silvteque
751 4405 775 4451 7.
833 4397 867 4432 000
884 4399 1029 4464 Faunique
1047 4397 1229 4463 Dryopesque
1247 4399 1309 4447 edd.
1323 4398 1444 4461 Dryopes,

163 4487 308 4551 Epirotas,
328 4501 382 4536 non
400 4487 520 4539 voluisse
539 4491 688 4549 auctorem,
707 4485 755 4536 sed
773 4484 909 4551 Dryades,
929 4485 998 4535 satis
1017 4490 1143 4550 apertum
1162 4487 1214 4545 est,
1234 4483 1360 4548 quamvis
1378 4493 1445 4531 nemo

164 4571 252 4623 adhuc
270 4574 379 4623 dixerit.
432 4570 466 4605 000
483 4563 594 4638 μάστιξ,
615 4570 761 4637 flagellum.
780 4569 1037 4636 capniomnstignm
1055 4584 1154 4620 nomen
1172 4573 1230 4618 tum
1248 4567 1382 4635 populare
1394 4565 1445 4615 luit

163 4654 197 4688 000
216 4657 251 4705 sb
264 4657 442 4708 Hochstrato.
489 4655 682 4723 ⁰⁰²opprobria
699 4658 907 4721 conprecare.
953 4654 1026 4724 ⁰⁰⁸0]
1043 4659 1107 4706 eti.
1155 4651 1318 4720 suspicione
1364 4650 1445 4700 ”de-

164 4739 244 4790 senso
263 4745 289 4792 3.
297 4744 321 4794 4.
330 4747 353 4793 7.
406 4740 441 4775 000
459 4757 553 4795 omues
573 4746 665 4794 Mi.
