3270 5354
724 547 908 607 Pumvtuo.
927 623 940 645 ο

237 716 280 766 De
303 714 421 765 Hutteni
445 714 628 776 carminibus,
658 715 760 764 Latino
784 719 812 764 et
835 714 1015 777 Germanico,
1038 713 1067 764 in
1089 714 1314 766 Lutheranorum
1337 716 1452 767 librorum

170 802 362 867 Moguntinam
381 799 612 862 combustionem,
632 798 665 848 de
686 814 739 863 qua
758 797 812 850 vol.
825 800 847 849 1.
860 815 886 864 p.
899 797 958 848 436.
972 815 998 849 ν.
1010 798 1053 851 29.
1067 815 1093 865 p.
1107 798 1167 851 438.
1180 815 1255 850 num.
1270 800 1353 851 CCX.
1366 806 1393 851 ot
1409 799 1453 851 vol.

170 886 207 935 Il.
221 903 246 951 p.
260 887 286 936 4.
298 902 324 937 v.
337 886 362 934 4.
376 900 435 950 sqq.
455 886 558 935 mentio
583 885 661 935 facta
685 890 740 947 est,
768 883 874 933 sufficit
903 883 955 933 boc
982 883 1044 934 loco
1073 884 1109 933 ed
1131 884 1257 935 indicem
1281 884 1454 951 bibliograpb.

171 970 285 1021 liutten.
298 985 326 1020 n.
340 967 486 1020 xxxma
501 966 648 1018 xxxluss.
664 968 814 1018 studiosum
827 967 959 1018 lectorem
969 967 1118 1018 rettulisse.
1137 968 1321 1034 Libellornm,
1342 985 1406 1035 quos
1418 970 1455 1019 ad-

171 1055 240 1119 didi,
265 1054 399 1106 Udelouis
422 1054 533 1120 Cymbri
559 1054 662 1104 (lusani
686 1054 745 1104 sive
770 1052 910 1102 chunradi
928 1052 1066 1103 Sarctoris
1090 1053 1256 1103 Saxofranci
1278 1055 1326 1105 vel
1349 1055 1457 1104 Franco·

171 1140 294 1203 saxonis,
315 1139 385 1204 quod
404 1143 548 1204 utrumque
567 1154 666 1188 nomen
683 1136 842 1188 simulatum
861 1153 921 1188 esse
940 1137 1056 1196 videtur,
1076 1138 1202 1204 exempla
1221 1140 1348 1190 eiusdem
1366 1140 1458 1190 Indicis

171 1240 196 1289 p.
211 1222 272 1275 63*.
287 1224 434 1289 descripsi;
459 1225 535 1290 prius
559 1225 587 1273 in
606 1223 786 1273 adnotatione
805 1222 979 1288 significatur
997 1238 1109 1273 numero
1128 1228 1165 1285 1.‚
1186 1224 1374 1275 Goldastiana
1390 1241 1458 1290 repe-

170 1310 236 1359 titio
255 1309 350 1360 littern
370 1315 412 1372 G.,
433 1308 554 1359 Sertorio
572 1308 780 1358 transformatio
798 1323 911 1358 numero
929 1310 954 1357 2.
991 1309 1033 1359 De
1058 1325 1124 1360 vero
1147 1308 1239 1359 libelli
1263 1314 1379 1359 auctore
1401 1309 1458 1359 milri

170 1409 225 1443 non
244 1398 366 1458 constat,
392 1395 447 1444 nisi
466 1393 536 1458 quod
555 1392 680 1444 ‘Lutheri
697 1392 857 1458 discipulus'
876 1397 904 1442 et
928 1408 944 1441 a
962 1393 1157 1443 Persianarum
1181 1395 1331 1444 satirarum
1350 1395 1459 1444 lectione

96 1497 115 1519 α
171 1493 268 1528 recens
286 1478 354 1540 fuit3
377 1493 466 1544 neque
484 1477 551 1528 licta
568 1478 618 1527 illa
636 1479 747 1528 nomina
766 1479 794 1526 in
812 1478 952 1528 Vincentii
971 1477 1078 1527 Placcii
1097 1477 1206 1528 theatro
1226 1494 1422 1544 anonymorum
1439 1483 1460 1529 et

170 1563 418 1629 pseudonymornm
440 1562 566 1629 legimus.
604 1569 726 1613 ceterum
750 1568 815 1628 puto
839 1562 873 1612 de
897 1560 949 1611 hoc
967 1562 1101 1612 Udelonis
1125 1562 1222 1614 libello
1247 1564 1336 1614 verbe
1354 1564 1459 1614 Lutberi

170 1647 360 1714 intellegenda
379 1663 449 1704 esse,
467 1647 566 1712 quibus
584 1647 670 1696 utitur
688 1647 718 1696 iu
736 1646 857 1712 epistula
874 1647 919 1697 die
932 1645 974 1696 28.
988 1647 1057 1698 Nov.
1071 1663 1096 1698 a.
1111 1647 1185 1697 1520.
1200 1647 1236 1698 ad
1249 1649 1382 1699 Ioannem
1394 1649 1458 1698 Lan·

170 1734 245 1799 glum
263 1735 369 1799 scripta
382 1731 503 1796 (Sollius
516 1732 551 1782 11.
565 1729 607 1782 36.
621 1734 653 1782 de
671 1732 757 1782 Wette
776 1746 848 1781 num.
862 1730 1032 1795 CCLXXI.),
1060 1732 1132 1782 baec:
1152 1769 1169 1795 „
1179 1733 1257 1783 Idem
1268 1733 1408 1785 Aleeuder
1424 1734 1458 1782 fa-

169 1833 257 1880 moso,
277 1817 327 1868 sed
345 1817 489 1883 ingenioso
507 1815 604 1867 libello
622 1817 770 1867 incessitur
787 1815 879 1866 multis
897 1817 1002 1877 vitiis”,
1021 1818 1147 1881 quamvis
1166 1817 1264 1868 eadem
1282 1818 1372 1868 verba
1389 1819 1457 1867 Wet-

168 1905 225 1953 tius
248 1902 284 1953 ad
302 1903 462 1953 Litaneiam
481 1901 680 1952 Germanorum
702 1901 768 1964 (vid.
782 1900 835 1952 vol.
849 1901 886 1951 11.
900 1918 927 1967 p.
939 1900 995 1963 53.)
1018 1901 1165 1954 rettulerit.
1201 1907 1278 1952 certe
1297 1903 1414 1953 Hutteni
1435 1905 1458 1951 in

169 1987 335 2038 dleandrum
358 1988 499 2038 invectiva
526 1985 595 2049 (vol.
609 1986 644 2037 11.
663 2001 734 2036 num.
749 1983 968 2050 ccxxvl111.),
994 2001 1054 2035 cum
1078 1986 1217 2036 Lutberus
1241 1986 1293 2037 illa
1315 1987 1455 2049 scriberet,

169 2073 288 2123 nondum
312 2072 462 2138 prodierat.
498 2071 612 2122 Iuvabit
635 2077 726 2121 autem
751 2086 812 2121 cum
830 2070 984 2123 Udelonico
1004 2070 1036 2120 de
1055 2071 1193 2121 Aleeudro
1212 2071 1319 2122 iudicio
1338 2072 1457 2122 conferre

170 2172 231 2222 quae
250 2156 283 2207 de
303 2157 399 2207 eodem
417 2157 514 2207 nuntio
532 2156 686 2221 apostolico
704 2157 842 2206 Lutherus
867 2156 926 2220 ipss
950 2155 985 2205 ad
1008 2154 1139 2206 lectorem
1157 2157 1289 2207 Actorum
1313 2157 1458 2207 academie

170 2242 357 2292 Lovaniensis
381 2256 405 2292 a.
426 2239 499 2297 1520.
519 2239 654 2306 praefatus
680 2246 722 2290 est
740 2239 822 2305 (Opp.
837 2240 900 2290 Lat.
918 2240 961 2292 ed.
974 2240 1129 2306 Witaberg.
1141 2245 1207 2291 tom.
1221 2242 1258 2292 11.
1272 2241 1321 2293 fol.
1334 2241 1387 2293 34⁸.
1406 2242 1458 2291 sive

171 2326 213 2375 ed.
227 2327 337 2376 lenens.
351 2331 415 2376 tom.
430 2326 451 2375 l.
466 2325 503 2391 pl.
517 2325 685 2388 ccccxcv1¹.)
705 2325 810 2388 „Venit
828 2325 870 2374 his
883 2325 980 2374 diebus
992 2325 1175 2389 Hieronymus
1186 2325 1337 2388 Aleauder,
1356 2326 1398 2376 vir
1414 2341 1459 2375 sua

169 2411 298 2475 opinione
316 2410 398 2477 louge
417 2411 565 2475 maximus,
589 2425 642 2460 non
661 2409 748 2460 solnm
766 2414 877 2475 propter
894 2408 1018 2474 linguas,
1044 2425 1112 2475 quas
1131 2411 1232 2461 eximie
1257 2410 1358 2474 callet,
1382 2411 1459 2475 siqui·

169 2495 232 2544 dem
249 2495 350 2545 Ebraea
368 2494 411 2544 illi
429 2494 581 2546 vernacula
600 2500 656 2558 est,
678 2495 777 2546 Graeca
797 2511 813 2544 a
831 2510 917 2561 puero
935 2494 978 2545 illi
997 2494 1113 2558 coaluit,
1133 2497 1236 2546 Latine
1256 2500 1351 2546 antem
1369 2495 1460 2545 didicit

169 2578 276 2629 diutina
298 2579 484 2645 professione,
514 2580 564 2630 sed
587 2578 672 2629 etiam
695 2579 832 2629 mirabilis
855 2579 909 2629 sibi
932 2579 1043 2631 videtur
1065 2581 1100 2632 ob
1125 2581 1322 2646 antiquitatem
1345 2581 1458 2647 generis.

169 2679 232 2714 uam
251 2663 359 2715 ludaeus
377 2669 534 2727 natusest,
560 2679 620 2729 quae
643 2679 712 2730 gens
736 2663 880 2714 immodice
903 2663 1039 2730 gloriatur
1062 2665 1095 2715 de
1113 2664 1253 2715 Abrabam
1277 2666 1460 2716 vetustissimo

169 2763 199 2798 se
218 2748 351 2814 originem
370 2749 481 2800 ducere.
516 2749 558 2798 An
577 2749 643 2799 vero
661 2748 819 2814 baptizatus
837 2750 887 2811 sit,
908 2749 1044 2799 nescitur:
1064 2753 1167 2800 certum
1186 2755 1230 2801 est
1248 2765 1311 2801 eum
1330 2766 1386 2801 non
1405 2765 1459 2800 esse

168 2832 354 2898 Pharisaeum,
379 2835 445 2899 qnia
466 2848 522 2883 non
546 2833 635 2883 credit
657 2834 885 2883 resurrectionem
910 2839 1088 2898 mortuorum,
1114 2836 1243 2900 quoniam
1260 2835 1334 2886 vivit
1351 2833 1459 2901 perinde

169 2921 253 2983 atque
277 2934 338 2968 cnm
360 2933 473 2984 corpore
492 2919 530 2969 sit
548 2923 621 2969 totus
640 2919 791 2983 periturus,
816 2918 886 2969 adeo
909 2918 1012 2970 nullum
1031 2936 1048 2971 a
1066 2935 1096 2971 se
1113 2936 1230 2986 pravum
1248 2920 1384 2972 affectum
1402 2921 1459 2970 abs·

168 3003 273 3053 tineus:
296 3018 382 3068 usque
411 3003 447 3054 ad
470 3004 607 3054 insaniam
631 3003 780 3054 iracundus
799 3008 855 3068 est,
880 3005 978 3069 quavis
1002 3006 1149 3056 occasione
1173 3005 1280 3069 fureus3
1305 3005 1460 3072 impotentia

169 3089 350 3154 arrogantiae,
371 3088 497 3139 avarities
516 3088 705 3154 inexplebilis,
725 3088 853 3139 nefandas
872 3088 996 3140 libidinis
1015 3095 1043 3139 et
1061 3089 1228 3152 immodicae,
1253 3105 1388 3141 summum
1406 3088 1458 3156 glo·

167 3172 217 3223 riae
236 3173 418 3238 mancipium,
443 3187 599 3239 quanquam
622 3172 730 3224 mollior
753 3188 834 3238 quam
858 3174 904 3238 qui
926 3175 1015 3239 possit
1033 3174 1178 3226 elaborato
1195 3173 1261 3226 stilo
1280 3175 1398 3242 gloriam
1415 3191 1458 3242 pa·

168 3274 246 3322 rare,
271 3264 299 3308 et
322 3259 400 3323 peior
422 3273 503 3322 quam
527 3260 573 3324 qui
596 3258 641 3310 vel
661 3263 776 3309 conetur
794 3258 823 3308 in
848 3263 1009 3325 argumento
1027 3259 1152 3310 honesto.
1187 3261 1223 3309 At
1241 3275 1276 3311 ne
1295 3263 1457 3320 nesciamus,

169 3344 254 3393 cessit
271 3343 434 3394 felicissime
453 3342 584 3394 simulata
607 3343 728 3394 defectio
752 3344 787 3393 ad
805 3343 990 3394 Christianos:
1015 3349 1114 3395 nactus
1140 3344 1213 3395 enim
1234 3346 1277 3396 sic
1301 3352 1346 3397 est
1369 3360 1459 3396 ansam

168 3425 326 3478 illustrandi
343 3428 415 3478 Moci
432 3429 476 3478 aui
494 3433 522 3478 et
540 3428 708 3479 obscurandi
725 3427 828 3479 Christi
846 3428 977 3494 gloriam,
1002 3444 1062 3494 quae
1085 3429 1137 3481 boc
1160 3429 1257 3481 seculo
1282 3432 1370 3497 coepit
1387 3431 1458 3481 reflo-

167 3528 277 3563 rescere
300 3513 484 3563 flaccescente
508 3513 702 3578 superstitione
727 3519 754 3563 et
777 3513 918 3578 pestiferis
942 3513 1080 3564 hominum
1107 3513 1328 3566 traditiunculis.
1364 3516 1458 3580 Itaque

167 3598 319 3647 instructus
336 3596 425 3647 literis
443 3597 593 3663 pontificiis
611 3614 698 3664 nuper
714 3598 792 3648 veuit
809 3599 965 3663 perditmus
983 3597 1125 3663 (quantum
1143 3600 1246 3665 potest)
1266 3601 1372 3666 optima
1391 3616 1457 3666 qua·

168 3698 228 3747 que.
264 3682 343 3733 Vale.
378 3683 411 3733 Id
429 3699 477 3734 vos
496 3683 629 3734 candidos
647 3682 767 3734 lectores
786 3684 858 3734 scire
877 3683 979 3734 volui”.

235 3767 374 3817 Libellum
392 3768 443 3831 bas
462 3768 548 3834 leutii)
561 3766 691 3833 Requiris,
711 3769 835 3832 quamvis
853 3769 983 3833 perparvi
1001 3767 1172 3829 iaciendum,
1193 3783 1255 3819 cum
1268 3770 1334 3819 inde
1345 3770 1457 3820 Hntteni

168 3852 367 3903 exclamationi
381 3853 409 3902 iu
422 3853 579 3903 incendium
592 3852 792 3903 Lutbcrianum
806 3852 979 3904 Germanicas
997 3853 1143 3919 inscriptio
1156 3853 1236 3904 facta
1255 3861 1331 3904 esset
1344 3856 1372 3903 in
1385 3856 1457 3903 Miiu-

166 3937 221 3988 cbii
240 3938 382 4003 farragine
401 3936 587 4000 Hutteniana,
607 3939 711 4003 aliique
730 3937 828 3989 deinde
848 3938 952 3989 fuerint
970 3938 1015 4003 qni
1033 3938 1157 3989 Hutteno
1176 3953 1237 3988 eum
1258 3938 1457 3999 adiudicarent,

166 4027 272 4073 uttam
294 4038 368 4073 vano
392 4023 508 4088 suspitio
532 4021 691 4083 refellatur,
715 4024 893 4089 repetendum
918 4039 978 4073 esse
997 4024 1113 4073 videtur.
1150 4024 1313 4085 Auctorem,
1341 4024 1457 4089 quisquis

165 4108 259 4170 fuerit,
279 4108 381 4157 Latine
400 4123 450 4157 sua
467 4108 611 4172 scripsisse
626 4123 659 4158 ac
671 4107 841 4173 postmodum
856 4107 1020 4158 Germanice
1033 4108 1149 4158 vertisse
1163 4106 1340 4158 crediderim.
1365 4110 1456 4159 Exem-

164 4192 212 4256 pla
232 4193 303 4242 inter
321 4191 405 4242 libros
424 4207 498 4242 meos
517 4191 577 4243 haec
596 4192 766 4253 michehae,
786 4192 897 4258 singula
916 4194 1059 4258 quaternis
1078 4191 1154 4241 foliis
1174 4191 1202 4241 in
1214 4190 1251 4242 4⁰.
1265 4208 1287 4242 s.
1301 4192 1320 4242 l.
1336 4198 1364 4243 et
1383 4210 1407 4242 a.
1420 4194 1455 4241 in·

165 4277 305 4327 dicatique
325 4276 414 4327 edita:
434 4281 456 4326 1.
475 4296 510 4319 =
529 4268 555 4327 (l
572 4279 623 4341 aas
641 4278 728 4342 tratti>
746 4276 867 4342 timolus
884 4284 926 4329 rer
944 4274 1110 4341 sareanen
1122 4273 1210 4338 buten
1229 4282 1280 4328 unu
1298 4275 1454 4340 bruttium

165 4360 275 4424 deutra.
295 4360 415 4426 (Papiam
433 4365 516 4413 (altero
534 4371 559 4413 et
574 4369 705 4428 postrema
723 4380 809 4412 tracum
826 4362 905 4425 erent.)
975 4365 1000 4413 2.
1019 4379 1053 4404 =
1070 4361 1121 4424 but
1140 4356 1243 4426 wilfi)
1262 4359 1383 4427 litquirm
1403 4359 1454 4412 ibn

162 4447 202 4498 tle
217 4447 221 4508 Ι
238 4441 367 4498 uerbzbutr
385 4446 455 4511 Ball,
479 4455 546 4500 nunt
566 4445 628 4513 ltus
646 4443 762 4511 ΒιὶυΙιῑὶἀ)
778 4444 782 4512 Ι
797 4444 877 4509 troi.
899 4444 903 4507 Ι
926 4445 1046 4511 (Papium
1069 4448 1153 4495 altera
1176 4452 1201 4494 et
1225 4447 1285 4494 dum
1300 4452 1452 4510 posteriores

164 4546 250 4579 ostoun·
272 4532 352 4595 seint.)
406 4535 432 4581 3.
450 4550 484 4574 =
501 4533 551 4594 bas
570 4528 672 4595 dedali)
690 4530 811 4597 aequum
827 4537 870 4583 err
890 4530 895 4595 Ι
915 4531 1061 4583 urrbaanttn
1084 4527 1173 4592 &ulra
1195 4529 1199 4592 Ι
1219 4536 1269 4582 snt
1292 4527 1450 4593 §nuntiarat

164 4612 274 4677 debito.
291 4613 295 4678 Ι
311 4613 417 4676 (Altero
434 4623 460 4665 et
475 4622 606 4681 postrema
623 4619 727 4681 popinae
744 4633 760 4666 a
776 4619 909 4681 scriptura
926 4614 1039 4678 vacant.)
1052 4642 1084 4652 -
1098 4615 1156 4664 Non
1174 4613 1267 4665 nullas
1286 4618 1392 4665 tantum
1409 4628 1449 4662 va·

164 4698 269 4748 riontes
288 4702 440 4765 scripturas
460 4716 493 4752 ex
510 4704 536 4751 2.
551 4706 579 4751 et
598 4704 625 4753 3.
638 4701 796 4753 subnotavi.
