3270 5354
115 390 118 397 ‘
175 357 248 429 3¹2
361 388 510 423 senune!
523 386 618 423 BERV!
631 385 799 423 vltltllullvu
812 386 1004 424 ventorumve
1018 388 1037 424 1.
1050 387 1276 424 unstrnutlcou.

323 564 362 605 us
377 547 503 619 ‘Antiqui
521 546 650 615 sceleris,
672 562 754 619 quum
776 545 872 602 calum
893 553 919 602 et
940 552 1039 602 cuncti
1060 552 1167 603 teneres

376 632 502 705 ‘Inpenti
520 632 665 703 conplexa
685 647 785 698 manu,
809 636 834 686 te
852 633 963 703 sirpinr's
982 632 1041 687 aluo

376 717 500 773 ‘Includi
520 725 602 790 aque
622 715 718 771 humili
737 717 811 788 cinpi
828 716 955 789 dipnatus
976 719 1089 786 amictu,

376 803 497 859 ‘Passus
515 809 541 859 et
560 803 671 875 eaipuis
689 818 751 874 quse
771 807 835 857 sant
855 803 987 857 immensa
1007 803 1097 870 coire,

374 888 453 944 ‘Non
472 893 549 944 ortus
570 889 676 943 latuere
698 888 738 942 tui
755 887 856 958 procul
874 892 952 942 astra
969 888 1068 955 secuti,

323 993 361 1034 tuo
376 973 517 1030 ‘Grandia
539 972 574 1028 ab
591 975 647 1029 eois
663 976 816 1044 portarunt
837 987 955 1027 munera
974 986 1067 1045 repes,

373 1059 446 1114 ‘Tus
466 1060 548 1113 simul
566 1064 594 1113 et
611 1059 726 1112 mirram
748 1059 890 1130 mirraqae
907 1060 1042 1129 potentius
1063 1075 1180 1120 cuntot,-

373 1144 532 1215 ‘Obsluput't
548 1144 642 1198 latices
665 1157 758 1198 versos
778 1144 806 1197 in
818 1144 922 1215 pocula
940 1142 1050 1198 Bacchi

374 1228 526 1296 ‘Mundus,
548 1235 574 1283 ct
592 1228 712 1283 admosse
733 1229 832 1283 mtellos
852 1230 907 1283 iarn
926 1233 1012 1284 morte
1031 1233 1169 1299 receptos,

374 1314 481 1387 ‘Terqa
503 1316 612 1369 insueta-
628 1320 727 1385 polens
746 1314 839 1386 plauci
855 1319 901 1368 tua
920 1314 1019 1386 planta
1036 1315 1162 1369 cucum’t
1210 1319 1214 1327 '

321 1419 359 1458 aas
374 1400 511 1466 ‘Nereos‚
530 1404 556 1454 et
574 1400 655 1455 uacui
675 1398 721 1453 tibi
739 1401 826 1454 unua
848 1399 929 1455 cessit
949 1399 1069 1477 Auerni,-=

373 1482 429 1540 ‘Te
451 1483 538 1557 Stppii
556 1491 694 1539 tremuere
710 1484 802 1553 lours,
824 1490 849 1538 te
864 1485 988 1555 pallidus
1011 1482 1099 1539 Orcus

276 1587 288 1610 ·
372 1569 470 1642 ‘Fupit
487 1575 512 1624 et
530 1569 679 1624 admissam
696 1568 838 1624 tenebrosa
859 1570 888 1623 in
909 1568 1031 1625 Tartara
1052 1570 1153 1631 lucern;

372 1654 457 1710 ‘Tum
474 1666 538 1710 lero
560 1655 606 1710 illa
627 1662 702 1710 aetus
719 1637 919 1726 numerosoque
941 1653 1021 1710 turbu
1033 1656 1147 1726 plorum

374 1740 513 1796 ‘Postibus
531 1741 633 1795 euersos
653 1739 739 1794 Erebi
757 1739 912 1811 fractisque
933 1739 1055 1795 calbenn

320 1842 359 1884 tos
374 1831 381 1855 ‘
395 1825 506 1881 Vindice
525 1830 549 1881 le
569 1839 689 1896 superas
705 1827 805 1882 uictn'ac
825 1826 934 1880 emersit
953 1824 992 1879 atl
1008 1839 1103 1880 auras.

371 1909 510 1983 ‘Denique
530 1911 681 1978 siculum,
703 1912 729 1964 si
746 1917 771 1964 te
791 1911 853 1981 ipsa
876 1910 1005 1965 elementa
1027 1916 1195 1981 sequuntur,

372 1993 591 2067 ‘observantque
608 2000 668 2051 tuos
684 1995 802 2050 labentia
825 2001 948 2067 tempora
970 2000 1065 2060 natta,
1142 2024 1150 2039 ·

371 2082 493 2138 ‘Dexter
511 2082 579 2136 acles
600 2083 719 2153 rotisque
739 2082 809 2151 piis,
828 2085 927 2151 pater,
950 2094 1059 2147 mnne,
1081 2086 1107 2136 et
1125 2097 1207 2136 aram

372 2167 469 2222 ‘Hanc
490 2167 536 2223 tibi
552 2173 717 2238 perpetuam
734 2167 868 2236 praesenti
887 2168 996 2233 nurnine
1014 2167 1115 2238 firma,-

319 2270 357 2311 sos
372 2252 431 2308 ‘Da
452 2253 587 2323 populum
605 2253 719 2323 antiqua
739 2265 770 2306 se
791 2250 931 2323 rellrpioue
952 2253 1024 2307 tueri

370 2337 588 2408 ‘Successusque
604 2351 707 2409 aupere
727 2350 806 2402 suos,
829 2336 867 2390 ela
885 2336 1038 2408 prandibns
1052 2336 1128 2391 ausis
1207 2379 1212 2407 ,

312 2489 315 2495 A
371 2421 477 2494 ‘Dipaia
498 2428 606 2490 eventa,
626 2436 747 2493 precam·
769 2421 849 2476 stabit
867 2422 928 2477 eine
949 2422 1027 2478 ‹lisite
1046 2421 1122 2477 cultu

371 2506 467 2563 ‘Nunc
487 2507 549 2562 boec
560 2523 670 2579 parua,
693 2512 737 2561 luo
755 2523 817 2578 quoe
838 2507 946 2561 nombre
965 2507 1080 2574 tollslnr,
1098 2524 1169 2570 ura,-

371 2590 470 2648 ‘Nutla
491 2593 561 2648 colet
576 2594 681 2663 pietas,
703 2606 738 2646 ac
759 2593 786 2646 si
800 2607 856 2646 nan
879 2593 959 2646 irrita
979 2598 1040 2647 vota

318 2695 357 2737 tto
372 2677 456 2743 ‘Haec
475 2676 597 2750 suerint,
620 2683 725 2732 centum
746 2675 789 2731 ln's
810 2679 892 2732 terris
911 2676 957 2732 tibi
973 2676 1094 2750 prandia
1115 2681 1215 2751 templa

370 2763 572 2836 ‘Coelitibusque
593 2765 645 2818 bers
666 2761 816 2816 ratlt'ubunt
832 2776 973 2817 marmore
993 2769 1019 2816 et
1035 2760 1125 2818 auro'.

368 2849 461 2916 biart,
484 2855 510 2903 et
530 2849 644 2904 intonuit
660 2848 728 2903 laeua
749 2847 783 2902 tle
796 2853 882 2918 parte
900 2861 1042 2913 serenum,

347 2934 555 3006 ·Iuoeruntque
573 2947 674 3005 preces
689 2933 790 3004 populi
811 2948 867 2988 uon
888 2932 1012 3004 improba
1034 2940 1095 2988 uota

368 3019 405 3073 Et
420 3019 504 3091 fauor
525 3026 551 3074 et
570 3019 657 3073 tacitis
676 3023 836 3089 conceptum
859 3017 989 3073 mentibus
1008 3033 1101 3080 ornent:
1174 3055 1179 3064 ·

317 3122 354 3162 trs
369 3104 430 3161 lam
450 3105 518 3159 deus
539 3110 566 3159 et
584 3104 652 3158 leolis
673 3103 790 3158 labentia
808 3103 937 3158 cursibus
956 3109 1034 3158 astra

368 3188 453 3261 Sipna
475 3187 579 3244 dabant
599 3187 747 3261 manifesta
759 3189 842 3260 polo:
862 3191 917 3243 iam
938 3189 1044 3244 mollior
1065 3205 1157 3246 annus

366 3275 404 3329 Et
422 3274 547 3346 formosa
568 3274 625 3329 dies
645 3274 756 3341 edant,
777 3275 803 3329 si
821 3288 888 3328 vero
908 3280 1032 3331 uetttslas.

366 3360 437 3416 lloec
458 3361 509 3416 lucc
529 3361 576 3415 illa
593 3358 660 3431 suit,
680 3358 781 3414 mundo
800 3376 864 3431 quoe
878 3360 971 3430 prima
991 3361 1097 3435 recertli

368 3444 470 3513 Fulsil,
492 3450 518 3500 et
542 3459 557 3500 e
577 3458 682 3499 summo
704 3445 815 3498 missam
836 3461 899 3516 quoe
919 3445 1004 3499 sensit
1021 3444 1136 3519 Olympo

315 3546 353 3587 oso
370 3530 467 3585 Prima
489 3530 535 3585 olei
554 3528 680 3584 sobolem.
697 3528 869 3600 plaudebant
888 3531 979 3585 omnio
1001 3532 1109 3602 captis,

366 3614 489 3687 spaera,
512 3621 607 3680 terra,
628 3612 733 3686 [retum
748 3612 918 3686 fervensque
934 3615 1090 3671 accentibus
1110 3618 1207 3675 aller.

366 3700 427 3756 lam
449 3713 513 3758 vero
528 3713 662 3772 superum
683 3701 798 3755 monitus
815 3705 842 3755 et
861 3701 924 3755 loeta
945 3707 1045 3756 secutoe

368 3785 464 3841 Omina
479 3786 550 3840 mille
570 3800 669 3840 manns
689 3799 860 3858 operosaque
879 3785 1011 3840 bracchia
1029 3787 1099 3842 mille

366 3870 432 3927 Sese
453 3871 533 3944 operi
552 3870 718 3942 expediant,
736 3885 810 3941 pars
831 3869 891 3925 bac
909 3871 1075 3943 sursaamina
1096 3876 1187 3930 sacris

312 3971 350 4012 sss
364 3956 462 4011 Prima
484 3957 576 4012 locaret
592 3957 665 4025 aris,
687 3957 789 4013 instant
803 3971 878 4027 pars
895 3956 1027 4011 claudere
1047 3959 1123 4014 nelca

363 4042 401 4096 Et
420 4059 477 4114 qua
500 4046 569 4096 tecta
587 4039 650 4113 fori
668 4056 718 4097 nec
739 4040 832 4096 adbuc
852 4040 982 4095 mannua
1000 4044 1108 4098 scateret

365 4127 465 4194 Curia,
487 4127 538 4182 sed
557 4126 664 4199 qualern
681 4141 776 4181 rernm
794 4125 911 4198 fortuna
927 4127 1033 4182 sinebat
1039 4149 1048 4182 .·

365 4211 410 4267 Sic
429 4211 557 4286 feruebat
573 4226 643 4284 opus
656 4213 814 4284 passimaue
835 4214 947 4284 aniona
968 4213 1089 4270 locorum

362 4296 470 4353 Mutari
488 4297 593 4369 facies,
611 4313 668 4369 pro
689 4297 776 4353 culmo
796 4298 913 4371 uluaque
928 4298 1053 4369 palustri

312 4407 351 4449 aas
366 4382 539 4456 Cortsurpunl
558 4382 657 4456 srapili
670 4388 766 4456 postes
786 4389 813 4437 et
833 4384 927 4438 limina
947 4390 1040 4441 texta:

162 4544 362 4561 ....-—4-—

228 4661 261 4695 ⁴⁵⁰
279 4669 335 4716 tres
355 4682 444 4733 reges.
495 4663 530 4697 ⁴⁵²
547 4682 637 4731 aquarn
654 4673 680 4716 tn
697 4669 778 4717 vinnon
794 4669 947 4719 inmutatum.
1005 4667 1039 4702 ⁴⁵⁸
1055 4676 1213 4722 mortuorunt
1231 4672 1445 4722 resuscitationes.

160 4745 193 4779 ⁴³⁴
210 4762 289 4813 super
305 4753 516 4816 nareinpreesus.
568 4749 602 4784 ⁴⁷⁸
621 4752 661 4816 Os.
673 4768 754 4817 supra
771 4755 846 4806 444144.
861 4752 918 4804 160.
