3270 5354
466 348 570 413 RLBlllA
583 378 645 414 vlu.
664 377 701 412 tn
713 377 844 413 uoutnvtt
857 376 975 414 HESSVN.

283 532 429 594 Promissa
453 533 590 610 capiebar
613 552 683 611 ope,
707 532 865 609 instigabar
886 552 987 593 amore

367 637 460 708 Quem
483 637 580 712 gnaris
601 637 631 695 in
654 634 732 696 vultu
756 635 883 713 praetulit
904 633 952 695 ille
974 653 1037 695 suo.

283 738 419 799 Nondum
443 744 541 797 certus
564 755 644 797 eram
668 738 751 796 famae
774 735 966 815 exemploque
988 737 1139 813 peritus,-

231 862 256 902 as
365 839 425 900 Nec
448 840 497 917 qui
519 857 566 899 me
588 840 645 899 lida
667 847 764 899 mente
788 847 921 900 moneret
943 845 1019 898 erat:

283 943 422 1002 desuetas
444 943 533 1018 igitur
555 940 693 1018 parrlatim
717 940 868 1002 intendere
891 916 1010 1001 fraudes

368 1043 475 1121 Coepit,
499 1050 528 1103 et
549 1044 602 1103 bas
625 1045 752 1123 primurn
775 1041 975 1104 dissimulabat
997 1059 1084 1111 aeus;

285 1145 393 1206 lleinde
416 1144 486 1205 nihil
509 1146 650 1206 simulans
672 1165 755 1224 spem
778 1144 975 1207 frustrabatur
998 1147 1131 1213 inanem,

233 1268 258 1308 aa
367 1246 426 1307 lam
449 1246 519 1307 nibil
543 1247 674 1308 occultos
696 1241 785 1309 ausus
807 1249 882 1308 inire
905 1247 1003 1308 dolos:

284 1349 384 1427 Siquid
407 1357 470 1410 erat
492 1367 551 1427 quo
574 1369 621 1410 me
643 1359 757 1428 posset,
780 1348 962 1415 volutante,
985 1352 1103 1415 iurare.

368 1450 514 1512 Abstinuit
537 1451 633 1529 palam
656 1452 861 1512 commoditate
885 1471 963 1519 mea;
1133 1450 1137 1456 ’

286 1552 436 1613 Difficilem
459 1572 608 1614 accessum
632 1572 831 1633 responsaque
853 1554 926 1614 dnm
950 1552 1094 1613 ferebam:

237 1677 262 1714 so
370 1655 500 1715 Sustinui
524 1655 624 1715 tumidi
647 1657 724 1716 iussa
748 1655 875 1734 superba
898 1657 967 1723 viri,

289 1758 418 1818 Sustinui
441 1756 585 1817 archanos
607 1758 636 1816 iu
659 1766 758 1818 nostra
782 1760 903 1835 negocia
926 1759 1002 1817 risus

371 1858 407 1918 Et
430 1860 504 1936 empi
525 1859 648 1919 infectos
670 1858 853 1922 dissimulare
875 1861 964 1921 iocos.

287 1961 370 2040 Saepe
393 1962 481 2020 etiam
505 1962 605 2021 nocuit
627 1979 770 2039 verasque
793 1963 925 2022 exercuit
947 1964 1023 2023 iras:
1078 1960 1081 1967 ’

237 2084 262 2123 oo
370 2060 514 2131 Quaelibet
535 2062 604 2123 huic
626 2064 686 2123 odii
707 2081 766 2124 non
788 2063 864 2125 mala
886 2073 972 2125 causa
996 2063 1064 2132 fuit;

287 2163 419 2224 Prodidit
441 2163 577 2225 invidiam
599 2165 689 2226 facies
712 2164 882 2245 vultumque
904 2168 1068 2232 sinistrum,

373 2266 410 2327 m
432 2265 512 2327 ferus
535 2269 564 2326 in
587 2275 669 2328 torvo
691 2267 800 2330 ferbuit
821 2286 872 2328 ore
895 2267 987 2329 furor.

289 2369 360 2430 Una·
374 2366 453 2430 salus
474 2368 579 2431 abiisse
602 2370 669 2438 fuit,
693 2370 744 2430 sed
768 2378 797 2430 et
818 2369 866 2431 ille
889 2369 1004 2431 vetabat

239 2492 263 2532 or
372 2470 439 2532 lure
461 2489 530 2540 suo,
555 2478 724 2550 ntsumpto
747 2471 863 2533 debitor
885 2491 944 2534 aerc
966 2473 1022 2542 fui;

290 2573 373 2651 Saepe
395 2579 493 2632 tamen
516 2573 783 2655 monitustandem
806 2574 958 2637 discedere
979 2575 1077 2651 iussit,

374 2673 410 2734 Et
431 2681 533 2757 notum
555 2685 600 2736 est
621 2675 716 2736 abitus
737 2683 841 2754 sponte
864 2676 964 2738 tulisse
985 2694 1076 2738 meos.

291 2776 399 2836 Bruma
423 2776 476 2836 fuit
498 2776 641 2856 solitoque
664 2779 820 2856 magistris
842 2779 960 2856 frigoris
981 2779 1100 2855 ingens,

240 2899 265 2940 eo
377 2877 510 2956 Cogebar
531 2886 629 2939 tanmn
652 2879 728 2940 banc
751 2882 922 2943 continuare
944 2882 1036 2948 viam;

291 2979 344 3040 Vix
366 2979 514 3040 modicum
537 2998 713 3059 progressus
736 2975 816 3042 eram
839 3000 1034 3062 campumque
1056 2981 1206 3051 tenebam,

377 3082 450 3142 Cum
472 3083 550 3143 sensi
573 3081 704 3142 occultos
726 3083 814 3143 rerba
837 3084 927 3144 fuisse
950 3083 1048 3143 dolos:

293 3183 371 3245 Eece
393 3190 484 3243 ruunt
505 3185 618 3262 equites
639 3185 805 3261 instantque
827 3184 991 3245 minacibus
1013 3187 1118 3252 armis;

244 3309 270 3348 n
377 3287 509 3346 Sumitur
531 3284 654 3346 euobis
676 3292 782 3364 quanta
804 3287 907 3363 rapina
930 3287 997 3356 fuit,

294 3389 448 3466 Deripiunt
470 3395 565 3448 vestes
587 3395 616 3448 et
638 3395 698 3448 toto
721 3406 847 3466 corpore
869 3389 997 3460 nudant,

379 3489 477 3550 Turba
500 3489 570 3550 nihil
592 3489 713 3551 morbos
735 3492 938 3553 commiserata
960 3510 1051 3554 meos.

296 3593 425 3654 iusserat
446 3592 502 3653 boc
523 3590 643 3653 sceleris
665 3601 849 3655 commentor
870 3595 989 3656 lessius
1011 3595 1113 3655 buius.

245 3714 271 3754 n
363 3686 519 3765 ‘Iusserat
543 3702 572 3755 et
594 3697 657 3757 lieri
680 3697 758 3774 quod
781 3697 863 3759 iubet
884 3696 932 3758 ille
970 3698 1070 3768 decet,

297 3797 427 3876 Utraque
448 3798 512 3858 iura
535 3796 661 3865 docens,
685 3807 714 3858 et
736 3805 816 3858 tanto
838 3799 960 3861 consule
982 3806 1077 3861 natus.

382 3899 540 3961 Ostendam
563 3907 659 3961 tamen
683 3900 739 3960 hoe
760 3918 820 3960 non
842 3901 974 3963 decuisse
996 3901 1105 3963 scelus:

163 4052 186 4086 ⁴⁵
202 4053 309 4117 seniebat
322 4056 345 4102 1.
363 4055 410 4103 sed
421 4069 457 4103 ex
474 4062 484 4105 t
499 4055 618 4116 feceraort
636 4069 648 4107 t
667 4054 740 4106 Hatt.
754 4060 779 4103 et
796 4060 855 4104 vett.
868 4071 899 4104 m.
951 4051 972 4087 ⁴⁶
990 4055 1056 4105 Sero
1073 4060 1160 4122 ltaque
1177 4058 1267 4105 monuit
1282 4053 1381 4105 istricae

97 4139 240 4189 anamodo.
258 4139 292 4201 cs.
311 4137 352 4188 lib.
371 4137 394 4189 I.
407 4142 472 4202 eleo.
484 4141 508 4188 8.
578 4136 599 4169 ⁵²
625 4138 746 4201 „Polam
770 4139 798 4188 in
824 4140 912 4204 prima
940 4139 1050 4203 syllaba
1077 4141 1193 4205 produxi
1220 4154 1309 4204 nsque
1332 4155 1381 4205 per

96 4224 272 4286 iquorontiam
291 4238 379 4288 neque
398 4238 447 4288 per
465 4222 660 4287 negligentiam
677 4224 726 4273 sed
745 4223 859 4274 confisus
879 4225 1028 4274 autoritate
1042 4225 1175 4275 Marciani
1189 4224 1308 4291 Capellae
1325 4223 1380 4274 ela·

98 4305 175 4358 riff.‘’
194 4310 220 4358 in
237 4324 317 4372 naara.
330 4325 372 4359 σω.
386 4325 416 4360 m.
430 4309 585 4371 adscriptum
602 4314 655 4370 est,
674 4315 699 4357 et
716 4312 830 4359 stratiliter
847 4310 1017 4358 Londiaensis
1031 4309 1340 4377 Gryphiawoldenoiaquer
1356 4312 1381 4361 in

97 4393 208 4443 omnibus
219 4400 301 4452 nartem
312 4410 362 4443 non
375 4397 455 4443 niellus
467 4395 565 4442 litteras
583 4392 717 4457 bibliopegi
732 4399 813 4444 culter
824 4393 939 4444 abscidit.
959 4395 970 4456 f
971 4394 1092 4443 Fortasse
1105 4395 1215 4459 quidem
1228 4395 1382 4462 Philopom·

98 4493 148 4543 pue
165 4479 221 4528 boio
239 4480 399 4528 &notationi
415 4480 571 4528 occasionem
588 4479 718 4543 dederat.)
774 4477 796 4510 ⁶⁷
815 4493 918 4528 arcane
935 4481 994 4528 m.
1053 4480 1167 4544 negotio
1186 4484 1244 4533 2.3.
1301 4480 1323 4514 ⁸⁸
1341 4483 1380 4531 in·

98 4563 188 4613 sectos
213 4559 287 4628 diss]
310 4564 347 4612 od
370 4564 475 4612 animum
498 4579 547 4612 non
570 4564 705 4612 aduertere
727 4556 840 4625 inficetos
862 4565 939 4613 iocos.
1010 4562 1032 4595 ⁸⁰
1050 4561 1169 4617 mactito
1190 4570 1212 4615 1.
1281 4565 1303 4599 ‘¹
1321 4566 1378 4633 ore]

98 4654 146 4696 oet.
166 4663 196 4696 nr.
215 4662 259 4697 eae.
277 4651 327 4698 mei
343 4649 379 4698 nd
394 4664 473 4712 marn.
492 4650 578 4698 adocr.
599 4663 661 4704 mre,
681 4649 750 4714 qaod
770 4650 805 4698 orl
821 4665 844 4699 υ.
862 4664 909 4699 ore
932 4664 1019 4699 aereus
1042 4652 1083 4698 ⁶4.
1101 4649 1293 4701 adscribendam
1316 4660 1381 4702 erut.

98 4729 120 4761 ⁰⁴
138 4744 175 4785 ott
188 4736 210 4782 1.
224 4734 272 4783 aed
284 4735 357 4783 Ilatt.
371 4740 396 4783 et
414 4740 473 4785 vett.
486 4751 517 4784 nn
531 4749 586 4784 aare
603 4750 673 4784 corr.
717 4732 870 4787 “tentat
914 4734 937 4766 ⁰⁷
949 4735 985 4786 of.
999 4733 1070 4801 eleg.
1083 4735 1104 4786 1.
1120 4735 1216 4787 Liuii.
1261 4734 1283 4770 ²⁸
1294 4749 1344 4800 tw.
1357 4740 1381 4786 1.
