3270 5354
164 377 237 448 404
392 404 516 441 aarum
529 403 558 439 Π
570 401 687 439 ΧΟΑΕΝΙΒ
700 403 736 439 DR
748 401 859 438 ΕΨΠΙΙ
873 401 1030 437 mnam
1043 400 1232 437 ΜΡΒΟΙΔῊΟ.

369 558 518 620 credebas
539 577 599 619 non
623 575 688 619 osse
711 554 803 617 dolos.
827 556 896 616 binc
918 555 968 616 illa
991 563 1110 618 tuorum

368 662 503 722 blmstitia
526 667 585 730 ost,
609 661 678 720 hinc
700 657 748 720 ille
771 658 856 719 dolor
878 657 1096 738 lachrymaeque
1119 664 1229 719 coactae

368 763 418 832 Et,
442 781 516 841 quas
538 780 597 822 non
621 761 746 822 sortasse
772 763 853 840 capis
875 762 1015 830 sentisne,
1039 758 1184 838 querelae:

367 865 439 937 Qum
461 863 513 925 tibi
536 881 623 924 causa
646 881 766 933 necem,
791 863 878 922 nobis
900 880 1019 941 quoquc
1040 863 1132 922 movit
1151 861 1277 923 acerbos

329 984 355 1025 ao
370 966 465 1027 lllorte
487 973 536 1027 tua
560 965 671 1026 luctus:
695 965 765 1044 quid
788 965 867 1026 onim
889 962 1027 1025 loetabile
1049 963 1120 1024 vidit

367 1067 498 1128 Teutono
522 1076 602 1128 terra
625 1070 719 1145 magis
741 1066 786 1129 uel
808 1066 878 1146 quid
900 1084 933 1127 se
954 1065 1103 1144 indignius
1123 1083 1255 1145 unquam

366 1169 461 1241 Quam
483 1176 532 1230 tua
553 1188 621 1231 cum
643 1171 735 1229 virtus
756 1186 873 1249 poenam
896 1169 1057 1229 invenisset
1077 1176 1107 1228 et
1128 1186 1199 1229 acre

367 1271 550 1351 Supplicium
572 1271 718 1351 probitas,
743 1278 771 1332 et
793 1289 858 1350 quae
879 1277 912 1330 tu
934 1269 1051 1331 inlanda
1074 1269 1183 1330 tulisti?

368 1373 411 1434 Ab
436 1381 556 1452 poteras
577 1381 690 1434 tantum
714 1392 778 1435 esse
800 1372 916 1434 bonusl
939 1371 1090 1434 confidere
1111 1379 1227 1432 tantum

329 1494 353 1534 as
370 1474 402 1535 ln
424 1476 494 1544 diis,
517 1476 546 1536 in
569 1477 679 1555 pietate
700 1475 769 1536 tuai
791 1493 846 1535 nec
869 1482 897 1535 te
919 1472 967 1535 ille
989 1475 1106 1553 tyranni

366 1576 524 1639 Admonuit
546 1577 642 1639 vultus
663 1576 892 1656 truculentoquc
913 1575 1023 1637 horror
1044 1577 1075 1636 in
1098 1576 1170 1636 orel

367 1679 429 1741 Nec
451 1680 531 1740 dedit
552 1678 600 1740 ille
624 1686 720 1740 umen
743 1680 817 1739 tanti
839 1695 898 1738 non
921 1679 1004 1755 signa
1026 1677 1137 1739 luroris

368 1781 452 1860 Saepo
475 1782 578 1860 prius?
601 1788 646 1850 tu,
670 1788 699 1842 to
721 1779 843 1841 illaesum
867 1780 946 1848 lore,
970 1778 1105 1839 moribus
1127 1779 1204 1847 istis,

366 1884 511 1962 sperasti,
535 1883 672 1962 quodque
693 1885 724 1943 in
746 1881 854 1943 multos
877 1883 958 1942 ierus
979 1888 1048 1941 ante
1070 1881 1173 1942 luisset

328 2005 353 2043 ao
368 1984 480 2065 Cuique
502 1984 594 2046 dabas
617 1984 728 2063 culpae,
751 1993 863 2045 tantum
886 1983 966 2043 bunc
988 1983 1130 2061 deceptus
1152 1981 1290 2044 amabas?

368 2087 444 2159 Quid
466 2087 545 2166 quod
568 2094 597 2148 te
619 2087 787 2166 oppositum
810 2086 966 2148 mediisin
989 2084 1120 2146 casdibus
1143 2085 1221 2145 hosti

367 2188 426 2250 Pro
449 2189 524 2250 duce
546 2188 627 2250 nulla
649 2197 700 2249 tuo
723 2190 829 2249 vitasse
851 2187 984 2266 pericula
1007 2186 1129 2248 dicunt?

369 2289 454 2351 lllum
477 2299 527 2352 aut
548 2298 711 2353 tentantem
733 2307 849 2369 pugnas
871 2298 921 2350 aut
942 2308 1016 2369 pace
1037 2290 1187 2351 fruentem

368 2392 512 2472 Spectasti
534 2395 687 2472 proprior,
711 2400 773 2454 tum
796 2410 876 2471 saepe
897 2411 914 2452 a
937 2391 1020 2453 clade
1042 2390 1199 2452 reductum

330 2512 356 2553 aa
370 2494 499 2556 Servasti
520 2494 635 2566 infelix,
658 2502 692 2555 ut
713 2497 764 2574 qui
785 2503 814 2555 te
836 2493 977 2573 perderet
998 2500 1085 2554 esset.

368 2594 453 2656 Nulla
476 2597 540 2657 dies
560 2599 623 2659 sine
645 2605 689 2667 te,
712 2598 826 2657 sinete
848 2614 906 2656 nox
930 2592 1008 2654 nulla
1031 2593 1149 2655 ridebat

368 2697 425 2758 dut
446 2716 567 2760 somnos
589 2707 759 2778 carpentem
782 2704 832 2759 aut
853 2700 1008 2777 quicquam
1031 2698 1061 2758 in
1083 2694 1176 2757 rebus
1196 2701 1344 2774 agentem

369 2798 435 2878 lpse
458 2818 575 2880 quoque
598 2802 738 2861 invictum
761 2799 817 2861 sibi
839 2806 868 2860 te
891 2796 1019 2859 iactabat
1039 2799 1168 2859 amicum

368 2900 502 2963 Perfidus
525 2910 554 2962 et
575 2918 682 2978 magno
705 2900 864 2962 simulabat
885 2919 987 2961 amore
1009 2900 1121 2960 teneri:

329 3020 355 3060 so
369 3002 439 3063 llaee
461 3002 542 3063 lraus
563 3005 658 3082 prima
681 3003 749 3071 luit,
773 3010 802 3064 te
825 3004 954 3081 primum
977 3002 1033 3061 bae
1056 3008 1120 3061 arte
1142 2999 1277 3078 petebat,

368 3104 513 3184 Quodque
535 3104 625 3182 pudet
647 3105 719 3173 dici,
743 3122 797 3163 nos
818 3103 882 3164 baec
904 3108 1070 3165 commenta
1092 3102 1235 3163 lavenicia

369 3204 463 3284 Atque
481 3206 573 3266 istum
596 3224 704 3285 cepere
726 3211 850 3284 patrem.
875 3222 972 3283 nequo
996 3222 1085 3265 eausa
1108 3202 1227 3266 dolendi

369 3305 532 3368 Credulitas
553 3315 604 3368 tua
625 3307 687 3367 sola
710 3307 778 3368 luit:
801 3308 983 3384 speravimus
1006 3323 1110 3367 omnes

369 3408 612 3489 Credidimusque
634 3426 751 3470 omnes:
775 3416 804 3469 te
826 3407 974 3486 procubat
996 3425 1082 3468 error
1104 3408 1134 3467 in
1156 3425 1264 3473 unum.

329 3530 355 3570 ss
370 3509 420 3579 Et,
444 3529 511 3590 quae
532 3510 691 3572 multorum
714 3517 771 3578 est,
794 3510 824 3569 in
847 3518 875 3570 tc
897 3528 990 3571 unum
1012 3526 1099 3589 poena
1122 3508 1248 3574 resedit.

370 3611 460 3672 Nacta
482 3629 586 3673 errore
607 3611 719 3672 locum:
743 3611 814 3690 quid
837 3613 916 3672 euim
935 3612 1012 3690 proh
1034 3611 1168 3690 luppiter
1189 3612 1252 3671 istis

369 3711 500 3775 Moribus
522 3713 676 3791 indignum
699 3732 785 3793 poena
808 3714 922 3790 magist
944 3714 1004 3775 llas
1026 3731 1082 3791 ego
1104 3713 1226 3774 lundam

368 3814 430 3875 Nec
452 3816 561 3894 possim
584 3815 687 3876 ulcbci
709 3815 892 3895 lachrymas?
914 3815 978 3876 brac
999 3813 1121 3875 rralnera
1144 3823 1277 3893 tangam,

369 3915 425 3985 Te,
448 3915 561 3985 scelus,
584 3915 741 3986 ineolumi,
764 3936 860 3996 neque
883 3916 938 3977 diis
961 3917 1117 3997 quicquam
1141 3915 1258 3977 excidet
1280 3916 1369 3993 aequis

331 4038 356 4075 oo
371 4016 433 4088 Qua
457 4017 595 4078 mercede
618 4017 681 4078 luas
704 4021 775 4078 lariti
799 4016 904 4079 delicta
928 4017 1056 4078 luroris‘.l

369 4118 433 4186 Quo
456 4125 487 4179 tu
510 4121 615 4196 igitur,
638 4120 764 4191 furiose,
787 4120 870 4180 riolas
892 4121 1078 4179 committere
1099 4118 1190 4180 duom

370 4221 426 4280 dut
449 4238 506 4299 qua
528 4238 580 4298 spe
604 4222 743 4300 poteras?
766 4220 808 4281 rel
832 4239 897 4300 quae
921 4229 949 4282 te
972 4221 1107 4281 immanis
1130 4221 1230 4295 adegit

237 4403 259 4434 ⁴⁵
282 4405 387 4455 Pacuvi
412 4405 483 4470 apud
503 4407 573 4456 Suet
586 4406 656 4456 Casa.
670 4406 711 4456 Sl.
731 4407 768 4454 cf.
781 4405 860 4456 Orat.
874 4408 896 4457 1.
916 4407 945 4455 in
963 4407 1025 4455 duc.
1045 4407 1170 4471 Virtenp.
1190 4408 1214 4466 5.
1232 4405 1289 4456 l00.
1368 4403 1390 4436 ⁴⁸
1410 4403 1444 4452 lta

167 4489 326 4552 ll'inglioldi
345 4505 451 4553 quoque
471 4491 591 4555 epistula
610 4507 691 4556 quam
709 4491 833 4540 dedimus
852 4490 905 4540 vol.
919 4491 951 4540 V.
965 4508 991 4556 p.
1005 4490 1064 4540 506.
1124 4487 1146 4522 ⁴⁸
1164 4492 1284 4542 iactavit
1302 4496 1327 4540 5.
1377 4486 1395 4519 ⁸¹
1414 4487 1445 4535 ia·

166 4579 262 4622 ventes
282 4578 308 4623 3.
372 4572 394 4605 ¹⁸²
413 4575 494 4623 istum
514 4571 550 4639 p]
571 4576 606 4624 ad
624 4591 704 4639 quem
722 4575 782 4624 liaeo
801 4575 958 4640 deploratio
975 4575 1115 4628 scribitur.
1181 4573 1203 4607 Μ
1222 4591 1299 4626 orror
1318 4573 1393 4640 qussi
1409 4586 1446 4620 no·

166 4657 239 4705 aium
258 4672 356 4722 corpus
375 4659 403 4706 in
421 4663 449 4707 te
467 4673 550 4708 urium
568 4661 659 4708 inruit.
712 4657 734 4689 ⁵⁶
752 4659 858 4724 Iupiter
869 4663 929 4710 23.
982 4659 1005 4691 ⁵⁸
1023 4659 1179 4724 lacrymas?
1198 4664 1224 4710 3.
1278 4660 1301 4691 ³⁰
1319 4657 1371 4725 To]
1389 4657 1447 4706 duco

167 4737 355 4790 interfectore.
408 4742 557 4806 quidquam
576 4749 602 4792 3.
