3270 5354
589 337 710 372 ttvtrsrti
726 337 753 371 lli
769 338 882 372 LOSMOS
896 339 1081 381 QVBRBLARW
1096 340 1178 374 trusa
1192 340 1309 376 Putavit.

502 491 604 553 Omnia
628 511 733 571 aragne
755 495 825 554 satis
847 493 986 571 cultuque
1008 497 1147 556 instructa
1169 495 1303 564 decenti,

462 611 485 651 u
584 596 686 654 (luania
710 602 779 655 sunt
801 595 897 656 verbis
920 596 1055 657 uberiore
1078 599 1159 657 meis.

499 696 561 756 lloc
584 716 639 776 ego
662 716 726 757 sum
750 699 880 775 genitus,
903 701 1035 778 quamvis
1059 698 1146 759 modo
1168 698 1230 759 vilis
1252 705 1282 758 et
1306 717 1411 779 expes

584 800 616 859 lu
639 801 734 858 varios
757 818 842 859 nasus
864 800 950 860 Sorte
973 799 1092 861 iubente
1115 800 1202 861 ierar.

499 901 562 961 Non
588 899 664 962 volui
687 903 798 980 patrios
820 900 896 962 liber
919 921 1085 982 securisque
1108 910 1244 980 penates,

458 1023 483 1062 rs
580 1003 644 1062 Non
667 1001 744 1064 volui
767 1006 827 1063 nuti
851 1022 920 1064 rura
942 1013 1044 1066 tenere
1066 1003 1137 1064 soli:

498 1104 566 1167 l'lus
588 1105 697 1184 placuit
718 1104 781 1165 loen
805 1124 890 1183 posse
913 1106 984 1166 mibi
1007 1108 1161 1185 peregriua
1184 1105 1303 1176 subire,

581 1208 657 1267 llum
680 1209 773 1284 vigent
795 1209 896 1270 studiis
919 1207 983 1267 lente
1006 1209 1121 1268 iuventa
1144 1209 1222 1278 suis,

497 1310 571 1370 Dum
595 1311 709 1386 vigeant
730 1312 798 1369 areni
821 1311 972 1387 regetique
994 1309 1139 1370 simillima
1163 1310 1239 1370 veris

458 1432 484 1471 se
581 1411 746 1472 Exlribeaut
769 1413 845 1473 eires
866 1420 998 1490 tempora
1021 1414 1116 1491 prima
1139 1410 1246 1471 bones:

497 1514 645 1592 Nusquam
669 1513 804 1574 babitare
827 1515 919 1590 magis
941 1532 1028 1591 quem
1043 1510 1099 1573 'me
1121 1512 1246 1573 delectat
1269 1513 1409 1596 ubique,

582 1616 715 1694 Undique
737 1625 805 1675 sunl
828 1616 928 1694 patriae
951 1635 1020 1676 rura
1044 1616 1206 1694 eluruusque
1228 1634 1320 1683 merc:

495 1718 628 1796 Cumque
651 1717 725 1777 alius
748 1717 850 1777 elrrlees
873 1716 984 1777 dubitet
1008 1717 1129 1795 liquisse
1152 1724 1292 1794 prorantes

456 1840 481 1879 nu
579 1819 638 1880 Nee
662 1819 727 1880 velit
751 1840 765 1877 a
791 1821 885 1896 patrio
908 1818 1025 1897 lougius
1047 1838 1111 1877 esse
1134 1818 1212 1885 solu,

495 1921 540 1981 lle
564 1924 641 1981 iruut
664 1941 728 1981 esse
751 1919 859 1998 aliquid
884 1920 1050 1999 l'amnmque
1073 1920 1232 1981 extendere
1256 1922 1346 1982 iactis

578 2023 615 2082 Et
637 2023 767 2101 tepidum
791 2022 917 2082 obseura
941 2021 1042 2081 tollere
1065 2039 1172 2082 nomen
1195 2021 1296 2083 lrrunu.

495 2125 556 2184 lloe
581 2125 675 2184 lerlur
698 2125 796 2183 Sannio
819 2132 931 2184 tanturn
955 2122 1100 2202 placuisse
1123 2124 1281 2198 aragisus,
1444 2138 1449 2209 Ι
1476 2151 1600 2194 astina

455 2248 480 2287 su
576 2225 612 2285 t‘t
633 2233 746 2304 peteret
768 2226 889 2285 lerius
911 2224 1083 2303 ltalieusque
1105 2224 1230 2302 sophos.

496 2327 558 2386 llue
581 2328 666 2386 etinnr
690 2335 804 2387 constat
826 2344 964 2403 magnum
989 2325 1112 2386 voluisse
1136 2324 1304 2391 Platonem,

581 2427 654 2487 num
680 2431 772 2488 varius
795 2428 876 2488 orbis
899 2428 1005 2506 gelidat
1027 2428 1107 2489 aelire
1129 2425 1226 2494 lueos;
1263 2467 1267 2475 -

494 2528 597 2607 Fitque
621 2529 738 2590 lurmilis
761 2533 811 2608 qui
835 2549 956 2608 reingerus
979 2539 1039 2590 erat
1065 2535 1217 2606 tantusque
1240 2527 1386 2599 labores,

456 2651 480 2691 u
577 2630 632 2700 Qui
655 2640 757 2709 posset
778 2631 890 2708 placida
915 2634 1011 2692 vivere
1035 2639 1129 2700 sorte,
1153 2627 1240 2689 subit.

262 2935 266 2942 ,
335 2883 378 2915 '²³‘
398 2891 569 2949 exupesw
617 2882 638 2914 ¹⁷
657 2885 698 2933 nd
711 2900 736 2934 v.
750 2884 791 2933 27.
805 2900 862 2949 sqq.
883 2887 919 2935 cs.
934 2885 980 2934 lib.
995 2885 1030 2934 ll.
1045 2885 1114 2947 eleg.
1132 2884 1169 2945 lli,
1184 2893 1231 2933 tuti.
1246 2899 1308 2949 sqq.
1367 2886 1394 2920 ³¹
1412 2892 1601 2960 annilmil.

287 2971 417 3019 seduna,
432 2976 456 3019 a
470 2976 623 3019 peramarum
635 2986 703 3019 corr.
752 2967 774 2999 ³⁶
791 2969 961 3034 Vagniacis
971 2968 1070 3022 xliiii.
1084 2987 1122 3033 sq.
1143 3005 1159 3028 „
1211 2969 1318 3017 lamam
1334 2976 1506 3027 extendere
1521 2978 1602 3028 {actia

289 3055 350 3103 lloe
364 3055 475 3103 virtutis
494 3070 562 3120 opus
577 3057 626 3103 ..'‘.
680 3052 700 3083 ⁸⁹
721 3055 876 3117 Pptdupuru·
889 3059 915 3101 et
930 3054 1060 3109 Platonis,
1083 3054 1155 3102 inlrn
1168 3053 1214 3114 (ΙΙ.
1230 3053 1269 3103 10.
1284 3056 1354 3118 atu.)
1368 3059 1528 3125 Apollonii
1542 3064 1603 3126 Tya-

288 3139 382 3187 neusis
396 3139 548 3203 exemplum
563 3154 623 3187 sese
637 3139 715 3201 soqui
730 3138 827 3186 innuit.
852 3140 966 3203 Sumpta
979 3145 1040 3187 aurat
1055 3138 1112 3186 luee
1132 3144 1171 3197 tut
1185 3154 1218 3186 ea
1237 3154 1352 3203 quoqne
1375 3147 1514 3211 epistola
1533 3163 1603 3213 quan

287 3224 447 3273 lllubnilrius
460 3241 485 3289 p.
500 3222 558 3273 353.
572 3240 611 3286 sq.
627 3223 812 3287 transcripsit,
833 3224 962 3284 ignorans
975 3223 1217 3284 llioronymiannrn
1237 3221 1333 3274 locum
1356 3228 1395 3277 ad
1417 3233 1542 3282 verbum
1556 3233 1603 3281 iere

287 3324 317 3357 sc
338 3307 534 3367 transcribere)
554 3324 587 3356 ex
600 3308 760 3369 llierunyru.
775 3307 854 3370 epist.
868 3307 929 3355 LII.
944 3307 996 3367 (ed.
1011 3307 1155 3355 llcnediet.
1168 3306 1189 3354 l.
1202 3321 1228 3370 p.
1241 3305 1303 3357 270.
1319 3310 1380 3376 sq.)
1402 3315 1566 3382 „Legimus
1581 3317 1603 3364 in

288 3391 430 3440 veteribus
459 3391 582 3441 historiis
606 3391 737 3455 quosdam
761 3391 892 3440 lustrasse
917 3391 1086 3454 provintias,
1116 3405 1202 3439 novos
1225 3390 1323 3441 adisse
1351 3399 1500 3462 populos,
1526 3399 1604 3450 maria

289 3476 434 3535 transisse,
454 3480 484 3522 ut
504 3490 550 3522 eos
569 3490 636 3538 ‹qrros
655 3490 688 3523 cx
708 3474 787 3524 libris
805 3481 951 3535 noverant,
972 3491 1061 3523 coram
1082 3490 1188 3539 equoque
1207 3473 1360 3527 viderant.-
1396 3480 1451 3534 Sic
1472 3487 1603 3550 Pythago

289 3574 334 3608 ras
353 3558 548 3622 Memphiticos
571 3565 663 3619 vates,
688 3561 728 3608 sic
747 3559 828 3608 Plato
851 3561 1003 3624 Aegyptum
1028 3565 1056 3607 et
1078 3559 1226 3622 Archytam
1249 3559 1470 3631 'ferentinum
1498 3584 1605 3635 eamque

289 3659 365 3692 orum
383 3641 489 3700 Italiae,
515 3656 575 3705 qum
595 3643 729 3707 ‹qrrorrdam
749 3644 852 3706 Magna
871 3643 980 3692 Grmein
998 3643 1154 3703 dicebatur,
1180 3642 1413 3702 laboriosissime
1436 3655 1605 3721 peragrarit

291 3763 336 3776 .....
355 3725 517 3791 Apollonius
538 3726 609 3788 (sive
629 3726 676 3776 ille
695 3727 801 3790 Magus,
822 3734 850 3775 ut
869 3726 966 3790 vulgus
985 3726 1117 3790 loquitur,
1142 3728 1200 3775 sive
1220 3726 1436 3799 philosophus,
1459 3746 1494 3789 ut
1513 3739 1605 3804 Pytha·

288 3811 376 3874 gerici
396 3810 518 3870 tradunt)
537 3811 653 3859 intravit
672 3811 785 3867 Persas,
806 3811 985 3873 pertransivit
1003 3810 1170 3870 Caucasum,
1193 3810 1338 3877 Albanos,
1369 3818 1522 3885 Scythas,
1542 3826 1606 3874 ,ilas-

288 3901 416 3959 sugetas,
443 3893 654 3958 opulentissima
674 3894 760 3942 ludim
785 3910 870 3957 regnu
894 3897 1062 3957 penetravit,
1088 3902 1116 3944 et
1135 3896 1169 3944 ad
1188 3901 1348 3948 extremum
1369 3901 1526 3959 latissimo
1544 3909 1605 3970 Phy-

288 3996 337 4028 aun
362 3994 442 4028 amne
467 3980 628 4027 transmisso
653 3979 780 4042 pervenit
802 3978 837 4026 ad
855 3978 1055 4038 Braubmrmas,
1080 3984 1110 4027 nt
1128 3980 1261 4028 Hiaream
1280 3982 1313 4030 iu
1332 3984 1449 4041 throno
1470 3994 1608 4043 sedentem

289 4079 374 4113 aureo
394 4070 421 4112 ot
440 4063 473 4111 de
492 4062 605 4111 Tantali
626 4063 704 4111 lente
723 4067 862 4124 potantem
882 4062 953 4110 iuter
971 4077 1073 4125 pamas
1091 4062 1240 4128 discipulos
1260 4064 1296 4115 dc
1318 4076 1454 4137 natura,
1481 4077 1519 4128 do
1537 4074 1608 4127 moti·

290 4146 340 4194 bus
360 4161 393 4194 ac
412 4145 531 4194 siderum
551 4161 632 4194 eursu
658 4144 766 4194 audiret
785 4145 941 4204 doeerrtem;
966 4146 1028 4193 iude
1053 4162 1102 4210 per
1118 4146 1269 4206 Errantes,
1296 4151 1508 4223 Babylonios,
1534 4159 1608 4211 Chal-

289 4229 378 4290 dmos,
399 4230 504 4285 Medos,
525 4231 669 4291 Assyrius,
690 4227 822 4285 l'artbus,
843 4228 939 4290 Syros,
958 4228 1116 4289 Plueniees,
1137 4230 1250 4290 Arabes,
1272 4233 1466 4293 Palaestinos
1487 4258 1610 4296 reversus

291 4311 487 4361 Alexandriam
507 4313 628 4377 perrexit
642 4310 826 4373 Aethiopiam.
846 4318 874 4358 ut
888 4312 1129 4375 Gyninoseplristas
1148 4319 1176 4362 et
1194 4314 1430 4377 ramosissimum
1444 4328 1525 4382 Solis
1544 4345 1610 4381 mun·

291 4409 352 4442 sam
369 4396 479 4445 videret
496 4398 525 4445 in
543 4394 650 4444 sabulo.
689 4395 798 4442 Invenit
821 4395 867 4442 ille
890 4397 932 4442 vir
957 4397 1055 4458 ubique
1079 4398 1156 4470 quod
1173 4397 1312 4461 disceret,
1341 4414 1375 4456 et
1396 4426 1522 4480 sempor
1539 4411 1611 4480 profi.

292 4477 370 4525 ciens
388 4494 496 4542 semper
518 4494 547 4527 se
567 4478 668 4526 melior
690 4477 778 4524 lieret.
814 4479 929 4541 Scripsit
951 4493 1033 4542 super
1055 4480 1105 4529 hoe
1129 4481 1290 4546 plenissime
1317 4496 1392 4542 octo
1420 4497 1611 4549 voluminibus

291 4558 502 4609 Panaenum&
534 4562 577 4609 De
591 4560 712 4609 Platone
731 4559 833 4608 videsis
847 4562 990 4619 Qeriutitr'un.
1004 4563 1069 4611 lust.
1084 4581 1121 4613 or.
1137 4567 1157 4614 l.
1173 4565 1212 4625 12,
1229 4575 1261 4614 ts.
1320 4571 1345 4604 ⁴⁰
1365 4576 1514 4647 Phasim]
1531 4586 1610 4647 Am.

289 4642 401 4703 ptiaeoa.
