3270 5354
329 420 454 461 ΙΠΤΙΙῙ
467 421 635 459 θΕΙΙΑΙΙΙΔΙ
648 421 764 459 NOllDVfl
777 420 977 460 nsossmssn
991 422 1145 460 118801θῖ1.

295 577 346 640 llis
367 577 478 639 bellum
501 577 632 657 populis,
656 579 787 657 requiem
810 586 961 659 tentetque
983 579 1134 658 supinam,

296 682 408 741 Sentiet
430 678 551 741 ultrices
573 681 601 739 in
625 698 657 740 se
679 699 861 742 roneurrere
883 683 960 742 rires

296 781 521 861 Comperietque
543 780 621 841 banc
643 799 698 841 nos
720 801 823 860 parem
847 784 989 844 formasse
1013 784 1163 863 rudesque

243 904 283 944 rm
296 883 448 945 Erudiisse
469 886 583 944 animos
605 884 763 962 studioque
786 887 900 945 acuisse
922 893 1092 963 semesum

294 985 406 1047 Sentiet
427 985 585 1047 horribiles
608 1004 667 1047 non
691 986 799 1047 trustra
822 988 903 1047 exire
926 988 1037 1047 Suevos

297 1090 392 1167 litque
414 1088 501 1147 etiam
523 1086 622 1166 lingua
645 1088 778 1148 Francos
800 1088 956 1167 rerbisque
979 1090 1141 1158 timendos,

295 1187 457 1249 Terribiles
478 1191 610 1268 equitum
634 1195 746 1250 turmas
768 1196 797 1251 et
819 1190 940 1252 iulmina
956 1191 1041 1261 belli,

298 1288 529 1370 Vindelyoesqae
551 1291 665 1370 aquilas
687 1299 775 1371 atque
798 1291 939 1353 ebrietate
963 1294 1077 1355 imeres

246 1411 283 1450 ros
297 1393 432 1453 saxoniae
453 1392 594 1471 populos,
619 1412 674 1455 neo
697 1402 830 1473 egentem
853 1394 964 1455 riribus
987 1396 1126 1466 limeum,

298 1494 334 1554 Et
356 1510 506 1573 nunquam
529 1495 671 1555 ‹lomitum
694 1495 830 1556 Rhenum
854 1498 998 1575 totiesque
1021 1501 1159 1575 petitum,

296 1595 333 1656 Et
353 1596 465 1658 medias
487 1605 605 1675 gentes,
628 1615 752 1676 quarum
775 1616 854 1657 nuno
878 1597 972 1675 gloria
994 1601 1087 1659 maior

298 1698 391 1770 Quam
415 1699 469 1759 init
491 1696 538 1758 illa
560 1706 658 1767 retus:
683 1701 729 1759 rani
752 1701 865 1778 siquem
889 1702 1031 1778 temporis
1053 1701 1141 1761 lmius

296 1798 435 1861 renituit
456 1803 603 1880 seriisque
626 1819 701 1872 suae,
725 1803 873 1880 praeconia
896 1801 1014 1863 lamium

245 1923 282 1962 uo
296 1901 435 1963 attribuit
456 1901 578 1963 meliore
601 1903 682 1965 loeo:
705 1905 860 1981 presentia
883 1904 1005 1964 sordent

296 2002 376 2064 llura
398 2002 506 2083 quibus
529 2005 646 2066 iortrma
670 2006 764 2072 venit:
788 2008 836 2066 eui
858 2024 1000 2083 prospera
1025 2024 1084 2066 non
1107 2015 1175 2068 suut

297 2105 460 2185 Tempora,
484 2106 596 2167 lmlires
618 2109 730 2185 primos
753 2114 851 2177 rorat,
876 2107 976 2168 ultima
1000 2108 1128 2169 damnat..

296 2207 328 2267 Si
349 2224 452 2268 sumus
474 2207 607 2270 imbelles
629 2210 801 2288 priscasque
824 2211 975 2270 amisimus
997 2218 1090 2278 artes,

296 2308 357 2370 Cur
378 2326 437 2368 nou
460 2317 560 2370 nostra
583 2311 661 2370 venit
682 2311 807 2371 llomani
830 2313 997 2389 irrumpere
1019 2311 1120 2373 Gallus

246 2432 283 2472 us
297 2409 433 2472 AEmulus
456 2412 587 2488 imperiii
610 2429 664 2472 our
686 2430 745 2472 non
767 2431 832 2474 sese
855 2413 924 2473 itala
947 2412 1033 2474 tellus

297 2513 390 2592 Eripit
410 2512 457 2573 bis
478 2512 569 2574 titulis
591 2513 735 2594 nobisque
758 2514 879 2576 subesse
902 2518 1037 2577 recusat?

297 2616 356 2676 Cur
378 2632 438 2675 non
462 2622 565 2675 cuneta
589 2622 693 2695 petens
715 2618 813 2677 animo
836 2617 1049 2678 blalmmetieus
1072 2618 1163 2679 bostis

295 2715 391 2777 Audet
405 2718 435 2776 in
452 2716 505 2777 bas
519 2717 613 2778 riresi
636 2725 716 2779 certe
732 2718 811 2779 lraud
827 2719 883 2779 boc
897 2727 1032 2799 tempore
1049 2722 1203 2811 ‹prisquam

297 2922 343 2980 llis
365 2942 435 2981 noea
457 2924 526 2980 bello
548 2927 626 2996 loris,
645 2928 780 2999 populum
803 2935 943 3001 tentetque
965 2929 1097 2999 qro'rtroa,

296 3009 401 3066 Sentiet
424 3009 535 3066 ultrices
559 3012 586 3066 in
609 3029 639 3066 se
661 3029 824 3068 concurrere
846 3014 917 3066 vires

259 3110 285 3150 m
301 3096 336 3149 Et
355 3098 423 3151 sciet
443 3095 512 3151 bane
530 3098 665 3168 populum
688 3115 782 3170 paeem
806 3098 938 3152 lorrnosse
961 3096 1098 3168 rudesque

297 3180 435 3236 Erudiisse
456 3181 561 3236 animos
584 3182 729 3255 stmliorpre
752 3182 856 3239 acuisse
879 3189 1039 3255 sequestro,

297 3264 400 3321 Sentiet
422 3265 569 3322 lrorribiles
594 3284 648 3323 non
672 3267 773 3323 irustra
796 3267 869 3321 orire
891 3266 1008 3329 Suevos,

297 3351 385 3425 Atque
407 3351 488 3406 etiam
511 3351 603 3424 lingua
625 3351 744 3408 l'runcos
766 3351 909 3425 ror-bisque
933 3351 1079 3413 timemlos,

299 3433 330 3490 lit
352 3452 489 3509 nunquam
511 3436 644 3492 ‹lomitum
666 3437 802 3497 liberum.
828 3438 965 3511 totiesque
988 3437 1118 3510 potitum,

258 3536 284 3573 os
299 3518 331 3575 Ee
351 3521 454 3578 nrslias
475 3530 586 3594 gentos,
609 3539 724 3595 quarum
748 3540 819 3577 nune
841 3520 930 3594 glou-ia
952 3523 1038 3577 maim

296 3604 381 3672 Quam
404 3606 455 3662 luit
476 3614 526 3660 ortt
544 3609 644 3663 oninrs‘s
663 3614 713 3662 aret
731 3609 806 3662 lectis
827 3608 928 3662 turibus
950 3624 1081 3679 urrprrnm.

297 3688 324 3744 Si
347 3706 441 3747 surmus
463 3690 584 3749 imbelles
606 3692 765 3766 priscasque
787 3691 924 3747 amisimus
946 3700 1034 3754 artes,

297 3774 351 3830 Cur
373 3792 427 3831 non
450 3784 544 3832 nostra
566 3779 640 3832 venit
662 3777 772 3834 llomani
797 3777 949 3850 irrumpere
972 3776 1064 3831 Gallus

298 3860 425 3916 Aemulus
448 3861 571 3935 imperii?
593 3878 644 3917 eur
665 3879 720 3916 non
743 3879 804 3917 sese
826 3860 890 3917 ltala
914 3861 996 3917 tellus

249 3958 285 3997 rm
300 3943 423 4018 Surrrpit
439 3949 473 4000 iis
490 3947 604 4001 duribus
625 3945 759 4021 nubisque
781 3946 894 4001 subesse
917 3948 1043 4003 recusat?

296 4028 350 4086 Cur
372 4047 425 4085 non
447 4039 544 4087 erineta
566 4039 663 4104 petens
686 4031 775 4086 animo
798 4031 989 4087 llalromrtieus
1012 4031 1100 4086 lrostis

295 4115 385 4171 Aurlet
408 4117 434 4170 io
457 4115 505 4171 lras
522 4116 609 4171 sires?
632 4131 730 4188 reempe
745 4116 816 4171 lraml
832 4118 883 4171 lroc
900 4124 1022 4188 tempore
1038 4115 1183 4189 quisrpram
1331 4130 1388 4179 rus)

151 4262 296 4273 --

160 4344 195 4383 ¹⁰⁶
212 4344 283 4398 stud.
296 4342 449 4413 sequestro]
473 4347 552 4413 qussi
573 4347 645 4414 apud
668 4348 739 4413 quod
758 4364 803 4397 res
821 4347 912 4397 ‹lrrbire
932 4348 1081 4396 ineertrnre
1100 4349 1159 4394 tuto
1177 4345 1387 4410 deponerentur.

151 4430 232 4499 exire]
254 4432 272 4482 i.
286 4449 311 4485 s.
326 4431 427 4483 exisse.
478 4430 511 4465 ¹⁰⁸
529 4438 578 4483 tot.
592 4429 659 4499 pet]
678 4434 803 4498 quemvis
820 4448 894 4497 soepe
913 4432 1016 4497 petitus
1035 4436 1116 4480 esset.
1174 4429 1208 4461 ¹⁰⁷
1226 4429 1331 4479 medias
1350 4427 1387 4495 gl

151 4518 234 4569 rioris
252 4516 409 4569 (termento
428 4521 535 4582 gentes.
595 4514 626 4549 ¹¹⁴
646 4518 713 4567 Cum
730 4518 783 4567 hoe
802 4532 913 4566 eurruen
932 4521 1146 4577 retractaretur,
1166 4514 1223 4564 alio
1242 4530 1322 4578 quam
1341 4515 1387 4578 qui

151 4618 172 4654 u
188 4616 287 4655 versus
305 4607 349 4655 est
366 4616 450 4653 sensu
470 4602 579 4659 (lellus,
599 4603 768 4653 Froneisorrs
785 4604 815 4664 1.,
836 4601 950 4651 mmulus
969 4602 1078 4666 imperii
1098 4600 1160 4649 suit.
1226 4598 1258 4631 ¹¹⁵
1277 4598 1388 4648 llmulus

170 4686 206 4721 ¹¹⁸
221 4685 278 4753 tit]
301 4688 437 4754 imprimis
456 4688 568 4753 Imperii
587 4688 896 4738 Romano-Germanici.
920 4688 997 4737 Nurm
1017 4702 1079 4735 sese
1099 4686 1201 4750 eripuit
1221 4702 1254 4735 ae
1274 4685 1387 4734 subesse

151 4772 468 4839 utt,q.b.i.i.i.sit

151 4856 283 4909 Hrrrsrn
296 4858 366 4909 οη.
380 4873 444 4908 ror..
459 4858 510 4907 111.
1125 4854 1166 4914 22
