3270 5354
143 378 245 413 unu
258 378 362 415 ΒΎΙΒΝῙ
376 379 537 414 rutvurttvs
550 377 687 415 ooc'roms
700 378 840 413 BEVCDLID
856 378 1102 414 s.roa.ctru10urs
1116 379 1270 416 BUCODION.
1292 352 1364 422 425

275 533 333 593 Aut
354 534 452 593 rarius
475 540 564 594 noctu
586 531 747 611 Morpheus
770 531 916 610 fallaxque
939 533 1108 595 Phobetori

274 635 408 714 Namque
430 653 485 713 ego
508 634 656 713 quondam
679 637 757 695 inter
780 636 946 712 carpenteis
968 653 1058 713 pensa
1082 635 1194 714 puellas

221 756 262 797 eu
276 736 360 815 Saepe
381 735 491 815 aliquid
515 736 609 797 simile
632 744 661 796 ct
682 738 784 797 vestris
806 735 949 815 aequabilo
973 738 1058 814 nugis

213 842 218 847 '
274 838 378 900 Audivi
400 839 539 916 tenuique
561 856 654 917 puer:
679 838 820 899 didicistis
841 837 934 898 aniles

275 940 308 1000 ln
331 939 424 1000 triviis
446 941 535 1000 arteis
558 947 587 1001 et
610 938 758 1000 ‘sanctus'
782 940 876 1001 dicitis
899 939 984 1001 ‘illud

276 1042 417 1121 ‘Spiritus
438 1040 575 1103 inludit':
599 1043 649 1121 qui
672 1043 696 1101 si
719 1044 863 1120 inspirare
882 1040 1012 1110 colebat,

276 1144 335 1204 Gur
357 1161 418 1204 non
440 1143 498 1204 hoc
520 1144 618 1222 potius
641 1143 781 1221 Capnioni
804 1163 820 1203 a
843 1143 909 1205 labe
932 1152 1047 1204 remoto

225 1266 263 1305 aon
278 1248 386 1306 Sancto
409 1245 537 1312 homini,
561 1245 645 1305 cuius
667 1247 754 1305 vitam
778 1262 836 1305 non
860 1243 964 1323 poDuit
987 1245 1077 1306 ullum

276 1346 424 1417 Dedecus,
448 1349 478 1407 in
501 1347 584 1407 cuius
606 1364 705 1407 mores
727 1345 769 1406 nil
791 1354 899 1424 practer
921 1347 1077 1408 honestum

276 1447 376 1519 Venit,
399 1454 430 1509 at
451 1455 496 1510 est
516 1449 632 1509 anianus
654 1447 745 1507 multa
768 1447 929 1509 illustratus
951 1441 987 1508 ati
1011 1451 1093 1511 arte?

275 1550 333 1611 Aut
354 1550 379 1611 si
400 1557 519 1611 sanctus
542 1552 566 1610 is
589 1557 634 1610 est
655 1549 798 1610 dicendus
822 1552 870 1629 qui
894 1550 975 1612 dedit
996 1551 1074 1612 istud

277 1652 392 1732 Quique
414 1652 483 1712 novi
503 1669 622 1730 semper
644 1651 784 1731 quiddam
809 1651 851 1712 cel
876 1651 1029 1712 hiantibus
1051 1654 1150 1721 intlat,

222 1774 261 1814 soa
277 1755 384 1824 Dicite,
408 1757 458 1834 qui
482 1755 571 1814 luerit
587 1755 642 1832 ,qui
665 1771 784 1814 sacrum
807 1772 923 1815 armare
947 1772 1059 1815 veneno
1167 1754 1366 1877 qlissfflfiql'xgffim

275 1855 399 1918 Edocuit
421 1856 529 1918 Christi
552 1873 661 1934 corpus
683 1857 843 1934 mortisque
867 1856 1012 1917 medelam
1185 1839 1264 1874 Μ*

275 1956 361 2018 Eritii
383 1975 501 2019 causam
526 1958 623 2018 lacere
646 1963 675 2017 et
698 1956 824 2017 lomento
848 1956 949 2017 salutis

275 2059 392 2120 Credita
414 2066 566 2138 perpetua
588 2060 616 2118 in
640 2058 789 2121 crudelem
814 2067 928 2120 vortere
951 2060 1079 2120 caedem?

276 2160 352 2222 Num
375 2159 452 2223 male
473 2169 541 2222 nota
565 2163 656 2220 cano?
680 2160 755 2221 male
778 2168 862 2220 nota:
886 2161 937 2221 sed
961 2161 1067 2222 occidit
1089 2162 1139 2222 illo
1162 2162 1367 2283 'dufffflffggr

223 2282 263 2322 sm
278 2264 426 2341 Septimus
447 2263 614 2323 ilenriclms
636 2262 749 2339 gladio,
774 2265 951 2342 mixtamque
974 2266 1099 2341 pereuni
1186 2247 1301 2284 mmm·

277 2364 349 2425 Cum
372 2365 428 2424 vita
450 2365 601 2426 interitum
624 2366 734 2425 mensis
756 2366 869 2443 accepit
891 2365 1000 2425 eisdem

277 2465 301 2526 E
323 2465 473 2529 manibus.
498 2466 636 2536 Pauline,
659 2468 725 2527 tuis.
751 2467 833 2527 ‘Non
856 2466 913 2526 hoc
935 2466 1045 2528 scelus'
1068 2470 1150 2529 aiunt

277 2568 431 2629 ‘Nostrum
454 2577 512 2637 est,
536 2570 587 2648 qui
610 2567 709 2629 multis
731 2571 788 2648 ipsi
809 2570 1007 2630 successimus
1029 2569 1135 2630 annis'.

275 2674 311 2731 tt
333 2678 430 2732 vester
452 2689 541 2731 cocus
562 2670 611 2731 ille
634 2671 689 2731 luit
710 2674 761 2750 qui
783 2672 901 2732 miscuit
922 2672 994 2730 artis

223 2791 262 2832 su
277 2771 467 2844 Condimento
490 2791 590 2832 novm:
616 2772 743 2834 ‘Semel'
768 2774 863 2850 inquis
886 2772 1024 2832 ‘lecimus
1046 2772 1141 2834 illud'.

276 2875 372 2936 Berua
395 2882 497 2951 negat,
521 2873 641 2936 sceleris
663 2876 749 2936 allent
771 2874 948 2933 monimenta
972 2874 1093 2934 secundi

276 2976 423 3055 Tempore
445 2977 503 3036 iam
526 2983 643 3046 nostro,
667 2985 729 3037 tum
752 2996 803 3036 ros
826 2977 933 3035 ussisse
956 2977 1052 3053 sopito

276 3076 405 3139 Vulnera
428 3078 543 3138 lessero
566 3086 595 3139 et
616 3086 748 3138 sanctum
772 3076 898 3137 voluisse
920 3077 1025 3145 videri,

276 3180 425 3241 Francisci
449 3179 556 3240 iratres
579 3181 686 3240 iactent
709 3198 746 3240 ne
769 3178 880 3239 scilicet
903 3177 978 3239 ultra

223 3301 261 3342 :nc
277 3282 378 3343 tutori
401 3300 541 3343 concessa
564 3302 618 3342 suo
642 3281 704 3342 lime
728 3282 851 3359 iusignia
874 3279 938 3340 soli.

277 3383 346 3444 Fert
368 3383 471 3444 eadem
493 3382 627 3444 simulata
650 3384 738 3444 deum
762 3401 903 3462 responsa
925 3385 1064 3461 iocosque
1181 3384 1368 3493 '2³:322quss

276 3484 404 3547 ilentitm
426 3484 524 3546 Deriae
546 3503 599 3564 per
621 3504 732 3563 rosque
755 3487 860 3546 iniecta
884 3504 997 3545 veneno
1201 3469 1269 3504 mm·

278 3587 467 3649 Sacramenta
489 3586 585 3665 palam
608 3596 753 3649 monstrat
774 3586 914 3648 scelerata
939 3587 1060 3664 Vigamli

277 3688 338 3750 Vox
361 3688 460 3749 habita
483 3689 521 3749 ad
543 3689 701 3769 populum,
725 3690 850 3769 diroque
873 3697 983 3750 asserta
1006 3689 1122 3759 libello,

226 3811 264 3851 :ns
279 3791 390 3852 Deinde
413 3809 549 3853 remansa
572 3790 679 3862 labriS,
703 3801 877 3872 conceptam
900 3795 930 3852 in
954 3793 1080 3853 crimine
1102 3801 1237 3854 matrem.

143 3962 175 3996 Ν*
187 3964 280 4027 Naan
299 3965 323 4012 1.
332 3967 356 4012 2.
376 3962 491 4026 Nanquo
510 3965 565 4012 md.
618 3958 651 3992 ¹⁰⁷
671 3966 746 4012 artes
760 3965 851 4014 3.4.7.
905 3959 995 3993 ³⁰l⁰³¹²
1014 3962 1056 4012 cf.
1070 3964 1206 4028 panegyr.
1220 3963 1279 4016 Alb.
1293 3965 1366 4029 illog.

143 4064 202 4113 sqq.
221 4053 250 4097 ct
266 4046 320 4099 vol.
334 4047 366 4098 V.
378 4063 404 4112 p.
416 4046 474 4097 377.
543 4045 584 4096 tu
607 4061 703 4096 versus
721 4044 781 4099 309,
794 4062 851 4111 sqq.
869 4046 906 4096 cf.
925 4048 1135 4098 lntsrcossionis
1158 4064 1206 4112 pro
1226 4047 1367 4113 Capnione

147 4129 427 4195 ...48.(vot.1.139.),
447 4131 494 4195 qui
512 4130 545 4180 de
565 4131 668 4181 eisdem
687 4130 839 4181 sceleribus
858 4131 986 4181 similiter
1003 4133 1100 4197 scripti
1119 4137 1190 4182 sunt.
1243 4131 1276 4164 ³¹⁰
1295 4134 1369 4183 Heu·

143 4222 189 4266 ⁵7.
242 4215 276 4248 ⁸¹⁸
293 4217 347 4282 ipsi
365 4232 412 4268 om.
427 4219 487 4267 edd.
500 4232 594 4266 amires.
647 4213 681 4248 ³¹⁵
701 4217 736 4266 cf.
752 4217 802 4281 up.
818 4215 900 4266 Obsc.
915 4216 971 4265 Vir.
986 4217 1062 4266 1:22.
1077 4217 1095 4265 i.
1110 4217 1129 4266 f.
1188 4215 1221 4249 ⁸¹⁶
1239 4219 1281 4268 De
1300 4219 1367 4268 Ber·

143 4303 152 4352 i
170 4301 278 4353 scelere
297 4302 382 4352 etiem
400 4302 541 4353 Huttenus
559 4318 584 4350 e.
598 4317 639 4366 gr.
652 4302 706 4352 vol.
720 4302 741 4353 1.
751 4319 777 4367 p.
794 4299 848 4351 139.
865 4299 922 4350 166.
938 4299 993 4349 lot.
1007 4300 1066 4351 237.
1080 4306 1109 4352 et
1120 4303 1231 4367 saepius.
1278 4301 1312 4335 ³¹⁷
1324 4303 1367 4353 ad-

159 4388 248 4438 Pom'a
266 4402 314 4438 vos
327 4387 418 4452 sopito
430 4388 548 4451 ussisse,
569 4389 637 4456 quod
647 4395 730 4438 tunica
742 4388 871 4452 poledrum
884 4403 933 4436 non
946 4393 993 4436 est.
1040 4384 1075 4418 ³¹⁸
1087 4387 1206 4442 Lessoro
1218 4393 1242 4438 5.
1263 4389 1369 4450 (Jetzer

143 4470 174 4522 lli
191 4487 291 4522 nomon
310 4472 392 4536 erat.)
445 4470 478 4506 ³¹⁸
496 4475 665 4525 Franciscus
683 4472 793 4523 scilicet
810 4472 932 4522 Assisios
949 4471 1065 4522 vulnere
1077 4472 1181 4523 Christi
1200 4473 1228 4522 ln
1246 4489 1296 4523 auo
1309 4489 1368 4523 cor·

160 4557 298 4607 reiterata
322 4557 448 4622 gerebat.
530 4557 562 4592 ⁸²¹
582 4560 625 4608 De
643 4558 771 4625 Vigsndo
789 4558 861 4607 Wirt
885 4557 922 4606 of.
940 4556 994 4607 vol.
1013 4558 1035 4607 I.
1048 4557 1067 4607 l.
1082 4574 1105 4608 c.
1125 4564 1153 4607 ct
1170 4557 1225 4608 vol.
1239 4559 1286 4608 VI.
1299 4557 1326 4607 h.
1340 4574 1366 4608 v.

143 4642 214 4692 [ario
233 4645 257 4691 1.
305 4640 339 4674 Μ
357 4640 456 4708 libell]
476 4643 519 4694 cf.
534 4645 623 4710 Epist.
638 4644 671 4694 Ο.
686 4645 718 4693 V.
731 4643 768 4694 11.
782 4643 806 4691 7.
860 4640 894 4674 ³²⁵
912 4657 978 4692 rem.
991 4641 1089 4709 labris]
1110 4643 1288 4705 “revocavit,
1307 4657 1367 4692 cas·

143 4758 157 4790 .‚
181 4727 334 4793 extirpavit
353 4731 381 4777 et
399 4726 571 4779 annullavit”
590 4730 679 4794 Epist.
693 4729 727 4779 Ο.
740 4729 772 4779 V.
787 4730 808 4780 1.
821 4728 863 4777 47.
878 4727 1012 4794 (Append.
1025 4726 1063 4790 D.)
