3270 5354
331 363 454 401 avaram
468 363 498 398 uu
511 363 627 400 ioannis
639 363 675 399 os
688 363 799 401 norrun
813 363 969 400 inenerrvu
982 363 1168 400 oeruoaarro.
1323 335 1395 407 409

256 542 293 582 ros
308 518 442 580 Nativum
466 516 620 580 cumulare
643 518 734 580 decus
757 517 901 595 laetisque
923 519 1040 579 decoris

306 620 463 698 Egregiam
486 618 568 681 vobis
591 619 706 681 laudem
730 626 758 681 et
780 618 972 681 memorabile
996 636 1103 680 nemen

307 722 462 795 Quaerere:
486 723 511 783 si
533 730 619 802 rupta
642 723 767 783 miscere
789 738 910 781 necesse
933 719 1076 781 turnultus

309 825 384 885 Ante
406 826 505 904 quiete
528 824 597 893 luit,
620 825 747 901 pacique
770 824 928 883 immittere
951 821 1078 892 bellurn,

308 927 339 988 Si
360 944 413 987 vos
434 927 477 987 ira
500 927 597 1005 prins,
621 927 645 985 si
667 943 724 1005 qua
747 925 909 1003 indignatio
932 926 1022 984 movit

254 1048 293 1088 ooo
307 1027 413 1091 Ulcisei
435 1035 554 1090 autores
575 1027 737 1096 scelerum,
761 1024 810 1086 hic
831 1032 1007 1105 tempusque
1030 1027 1161 1106 deusque

310 1131 398 1192 Arma
422 1129 536 1199 volunt,
559 1127 690 1207 Equites,
714 1146 751 1189 an
774 1127 831 1187 boe
854 1129 908 1188 iste
931 1130 1056 1206 patrarit
1078 1128 1216 1197 inultum,

310 1231 382 1292 Cum
404 1232 463 1291 sint
484 1229 531 1290 hae
553 1231 648 1291 vires?
670 1232 709 1291 ita
731 1248 782 1289 vos
805 1232 1016 1309 contempserit
1039 1229 1131 1300 ullus,

308 1333 403 1395 Ausus
424 1340 457 1393 ut
478 1331 536 1393 boo
558 1332 663 1393 lareritt
687 1331 730 1392 vel
753 1338 870 1410 postera
893 1331 999 1393 dixerit
1020 1338 1090 1394 aetas

309 1434 455 1496 Franeum
478 1432 559 1494 orbis
582 1434 730 1512 quondam
753 1433 929 1494 domitorem
952 1453 968 1494 a
992 1432 1118 1495 sortibus
1140 1437 1212 1496 aotis

256 1557 294 1597 eos
309 1537 510 1616 Degenerasse
533 1543 650 1614 patrum
674 1533 836 1615 mollesque
857 1535 1000 1596 inducere
1022 1554 1121 1597 mores

306 1639 524 1717 Seguitiemque
547 1638 671 1698 novam?
694 1645 775 1698 certe
797 1636 860 1696 lraec
882 1654 933 1698 vos
956 1656 1042 1699 eausa
1065 1639 1205 1718 pudendo

305 1741 419 1802 bifloiet
442 1740 559 1801 deserta
581 1739 708 1819 probro,
732 1738 852 1799 delensa
874 1737 1005 1817 superbo

306 1840 433 1905 Extollet
454 1842 562 1903 decore
585 1849 614 1901 et
635 1841 719 1902 laetis
742 1838 870 1919 aequabit
891 1841 982 1903 avitis.

305 1943 367 2005 Nee
389 1945 483 2023 magis
505 1943 553 2004 bie
575 1961 658 2003 meus
681 1952 725 2003 est
747 1941 858 2002 elamor
881 1960 969 2020 quam
992 1945 1144 2023 sanguinis
1167 1946 1268 2007 liuius:

254 2046 438 2109 nolnsontes
459 2046 516 2107 hoo
537 2052 630 2123 agunt
650 2062 768 2113 manes,
792 2061 849 2106 nee
870 2044 985 2106 desinet
1007 2064 1135 2124 unquam

305 2145 424 2209 Flebilis
446 2147 551 2208 umbra
575 2147 673 2224 queri,
697 2147 767 2207 dum
791 2165 841 2207 vos
864 2144 1017 2208 ultricibus
1039 2151 1130 2211 armis

305 2250 383 2310 lusta
406 2247 579 2328 parentalis.
602 2248 809 2327 tumulumque
831 2246 937 2308 hostile
961 2258 1098 2312 cruentet

306 2350 420 2430 Corpus
442 2357 472 2413 et
494 2352 600 2412 iratum
623 2350 734 2411 soletur
758 2350 872 2411 rietima
895 2349 1033 2421 bustum,

305 2452 421 2514 inseriae
443 2459 549 2514 maesto
573 2453 675 2513 cineri.
699 2453 756 2512 Vos
778 2454 906 2514 moverit
928 2454 982 2513 iste

252 2574 291 2616 ns
306 2555 452 2615 Praeterea
476 2553 574 2616 luetus
596 2561 626 2616 et
648 2572 713 2634 qum
735 2550 899 2631 ploratibus
922 2566 1009 2616 auras

305 2657 396 2718 Anxia
418 2656 506 2717 turba
529 2656 610 2727 ierit,
633 2663 718 2735 pater
741 2655 789 2716 lric
811 2656 967 2735 moestique
989 2666 1144 2737 perempto

305 2757 412 2819 Fratre
434 2760 475 2837 pii
499 2759 620 2828 iratres,
643 2775 731 2820 soror
754 2765 783 2819 et
805 2758 989 2817 maestissima
1012 2761 1134 2829 coniux,

305 2859 421 2940 Quique
443 2862 680 2940 propinquorum
703 2877 775 2939 grex
799 2865 843 2918 est
865 2860 1056 2938 equitumque
1079 2871 1210 2922 catervae.

305 2960 380 3031 Ouid
403 2960 615 3031 miserabilius,
639 2962 709 3041 qnid
732 2959 936 3022 conturbatius
959 2978 1087 3041 unquam

253 3084 291 3124 eae
306 3063 369 3134 Hoc
391 3082 462 3125 sene
485 3064 614 3125 vidistis?
637 3081 708 3124 num
731 3081 799 3142 spes
822 3062 892 3124 lmie
914 3061 973 3124 ulla
996 3071 1148 3143 superstes

303 3165 347 3226 Ex
369 3173 451 3227 tanto
472 3167 579 3227 mansit
601 3163 738 3226 enmnlo?
760 3182 888 3245 namque
910 3164 1047 3227 omnibus
1069 3168 1155 3227 istum

303 3270 378 3329 Ante
399 3267 486 3330 bonis
507 3267 615 3329 tulerat
637 3269 741 3336 miser,
766 3267 830 3328 liaeo
851 3265 954 3328 solatia
977 3267 1061 3328 sessis

304 3369 404 3431 liebus
426 3370 509 3431 alens
529 3369 669 3449 sperabat
691 3388 778 3449 opem
801 3369 963 3448 elloetaeqne
985 3376 1111 3431 senectae

304 3473 475 3534 Praesidium
498 3477 629 3552 optarat;
654 3470 749 3551 plenis
771 3470 835 3531 laeta
859 3473 956 3531 omnia
979 3473 1054 3532 rotis

252 3593 290 3635 ers
305 3574 380 3635 lline
401 3579 575 3653 sumpturus
596 3581 675 3644 erat,
698 3581 811 3635 tantum
834 3580 981 3654 spectarat
1002 3575 1033 3634 in
1055 3573 1102 3634 illa

304 3675 405 3738 lndole
427 3677 556 3746 virtutis,
580 3676 635 3736 luit
656 3674 797 3737 inclinare
819 3674 953 3736 voluntas

304 3778 405 3839 llobur
428 3779 457 3838 in
480 3778 537 3839 boe
559 3777 707 3838 delectum
730 3795 824 3838 aarum
846 3779 983 3856 viresque
1005 3780 1140 3842 eaduoas.

304 3880 348 3941 nh
371 3879 480 3941 irustra
502 3887 653 3960 speratum
677 3881 771 3956 aegro!
794 3885 842 3949 tu,
866 3879 986 3949 frivola,
1012 3880 1083 3941 lalso
1107 3902 1153 3948 es.

304 3984 389 4052 Sors,
414 3980 542 4042 blandita
564 3982 637 4043 seni.
660 3981 712 4042 sed
735 3981 849 4042 ethaeo
871 3980 913 4041 nil
936 3983 1045 4042 certius
1068 3983 1121 4043 abs
1144 3989 1171 4043 te

253 4103 292 4143 rao
307 4085 365 4162 Spe
387 4100 530 4161 suspensa
553 4081 634 4154 tulit,
657 4083 740 4144 sedet
762 4101 799 4143 eu
823 4083 1007 4144 mestissima
1030 4086 1135 4145 coniux

303 4186 522 4262 Dimidinmque
544 4186 590 4245 sui
613 4187 747 4264 queritur
770 4185 935 4245 miseranda
957 4185 1046 4263 iugali

303 4285 370 4346 Sola
394 4285 497 4348 relicta
520 4287 624 4347 tlroro:
648 4293 710 4347 tum
734 4288 916 4364 ingustata
940 4286 1074 4364 voluptas

165 4540 201 4576 ¹⁸⁰
218 4542 358 4607 decusque
378 4546 405 4592 3.
475 4539 508 4573 ²⁰⁸
527 4540 595 4591 laet.
610 4539 687 4606 evit]
711 4548 738 4590 ot
760 4540 878 4592 bonores
897 4541 981 4592 avitae
1000 4541 1091 4592 lamiis
1113 4543 1209 4596 Lucan.
1228 4544 1264 4593 ed
1282 4544 1337 4595 Pis.
1351 4543 1393 4595 33.

151 4624 291 4692 nostias]
312 4629 353 4677 ite
371 4627 458 4676 etiam
475 4642 502 4678 v.
515 4624 574 4677 230.
593 4626 701 4676 moecha
718 4628 814 4676 rectior
831 4627 886 4676 owe
905 4629 1044 4678 diceretur.
1070 4628 1109 4692 Cf.
1122 4634 1202 4679 oreti.
1215 4630 1241 4677 in
1259 4631 1315 4679 due.
1334 4631 1393 4678 Vir·

151 4712 229 4762 r.1V‚
243 4712 276 4762 V.
312 4710 346 4744 ²²⁸
359 4716 472 4779 aptarat
484 4713 698 4776 edd.,eorr.11pt.
739 4709 894 4778 ²²⁸At(pro
906 4713 959 4777 Ab)
974 4716 1000 4766 3.
1036 4711 1071 4745 ²⁸⁰
1088 4714 1126 4764 el.
1140 4713 1175 4764 ed
1188 4730 1214 4765 v.
1227 4713 1286 4764 217.
1300 4712 1392 4765 adnot.
