3270 5354
303 398 426 435 ΙΥΠΙΙΙ
439 397 476 434 An
488 397 623 433 ΟΙΕᾸΙΙΙ
636 396 846 433 minternis!
860 394 1081 431 ΙέΗθΙῑΑΙΙΔΠΙ
1094 394 1188 429 ernas.

304 553 399 617 Omne
420 551 592 615 libidinibns
613 569 706 631 genus
729 551 879 630 usquead
902 557 1036 610 monstro
1054 558 1200 616 notatum,

280 677 293 718 r
392 654 458 727 Quo
479 654 551 717 llere
572 655 642 734 quid
666 656 749 732 peius
771 654 810 713 elii
832 652 900 721 tibi,
924 661 1017 721 terre,
1041 652 1167 731 queant?

304 758 372 821 Non
392 764 507 833 tentum
529 774 594 819 esse
616 755 726 817 melum
748 756 949 833 permisimus,
973 772 1043 815 esse·
1058 753 1176 815 beatum

308 845 314 853 ’
388 859 587 929 Credidimus,
609 858 710 919 muriell
732 857 964 936 pertulimnsque
987 863 1084 937 ceput.

304 962 468 1024 Exhaustas
490 961 580 1038 igitur
603 961 700 1020 (lirino
723 959 833 1019 lumine
855 966 983 1027 mentes,

279 1086 293 1128 e
391 1062 431 1135 0,
454 1069 484 1133 et
505 1064 534 1123 in
557 1081 694 1123 errorum
717 1063 879 1122 rusticitate
901 1061 1003 1138 vagas!
1096 1096 1100 1103 ·

187 1246 195 1285 ¹
220 1246 287 1307 tm.
636 1215 684 1299 un
702 1248 840 1299 rvnrvn.

307 1370 358 1432 llio
379 1369 465 1439 mibi,
489 1377 589 1431 sancte
612 1376 711 1448 pater,
735 1367 862 1429 coelestis
883 1369 989 1429 ianitor
1012 1366 1101 1441 autre,

390 1472 443 1535 Cui
464 1473 577 1551 geritur
598 1489 721 1532 snmmae
742 1470 903 1548 relligionis
926 1487 1015 1549 apex,

306 1574 362 1647 Qui
384 1588 471 1651 reges
493 1575 572 1652 regis
593 1582 680 1653 atque
702 1572 781 1633 loeas
803 1571 976 1651 reloonsque
999 1579 1153 1651 tyrartnoe,

280 1696 292 1736 i
391 1672 447 1745 Qut
468 1683 542 1736 nutu
564 1674 652 1736 solvis
674 1684 780 1735 cuneta
802 1673 934 1753 ligasque
957 1679 1021 1741 tuo,

305 1776 361 1852 Qui
383 1785 499 1839 sanctos
523 1776 594 1837 lacis
616 1786 645 1839 et
667 1779 714 1838 eni
736 1778 858 1853 contigit
879 1794 943 1835 esse
963 1774 1048 1836 beato

388 1882 462 1941 Ante
484 1878 612 1947 obitum,
637 1879 685 1958 qui
709 1896 762 1938 nos
784 1886 851 1938 ante
873 1877 1044 1955 obitumque
1065 1877 1150 1969 bees,

306 1981 382 2055 Quin
404 1981 461 2043 tibi-
478 1981 650 2042 bombnrtlis
673 1998 748 2059 opus
771 1988 830 2050 est,
853 1980 922 2058 quid
945 1981 1088 2059 equisque
1111 1979 1238 2058 virisque

281 2101 294 2143 e
391 2084 521 2165 Qnaeqne
544 2090 654 2144 armate
677 2084 762 2161 prenit
784 2100 848 2160 qnae
870 2046 1062 2162 sequiturque
1084 2099 1187 2141 manus

305 2186 521 2264 Hesternmqne
543 2187 596 2246 ista
620 2193 717 2263 segete
740 2192 826 2263 atque
849 2183 1039 2244 horrentibus
1062 2184 1167 2245 armis?

389 2285 622 2361 Onid‘oincturn
646 2304 720 2364 opus
744 2295 787 2346 est
810 2285 865 2345 bue
888 2285 1051 2365 gladiisque
1075 2284 1144 2346 tibi?

305 2388 409 2451 Omnis
432 2390 501 2469 qnid
523 2389 615 2449 trellis
637 2389 718 2449 limet
739 2395 790 2448 eut
812 2406 880 2457 een,
904 2388 1101 2457 seuerissime,
1124 2394 1206 2447 tanto

270 2510 294 2553 n
392 2488 466 2552 Belli
489 2509 579 2570 opere
602 2508 754 2570 expugnas
777 2490 898 2568 oppidu,
923 2500 1035 2559 eostre,
1058 2489 1182 2550 domus?

304 2590 408 2655 Nonne
430 2611 520 2653 monn
543 2601 676 2672 poteras,
700 2590 826 2652 tremulo
848 2591 934 2653 simul
957 2610 1023 2661 ore,
1047 2590 1138 2652 lerata

388 2694 449 2756 llos
471 2694 543 2755 dare
566 2694 620 2754 eliis
642 2693 739 2754 subito
761 2692 897 2754 Manibus
918 2695 1033 2774 bosque
1057 2696 1130 2756 deol

307 2796 393 2859 Certe
415 2814 518 2857 ornnes
540 2795 619 2856 Petri
641 2794 751 2857 similes
773 2794 893 2856 aliterve
915 2795 1047 2875 probatis

268 2918 293 2960 n
389 2896 521 2960 Moribus
544 2898 605 2958 baee
628 2905 751 2976 possunt
773 2900 869 2958 onmia
892 2899 1054 2976 pontifices.

304 2999 514 3085 Quidquam,
538 3018 574 3060 en
598 3001 737 3079 quonian}
760 3000 854 3061 malus
877 3019 923 3070 es,
948 3000 1060 3060 tlitllsns
1082 3008 1112 3060 et
1134 3001 1223 3060 armis
1248 2996 1252 3009 “

351 3174 357 3185 ·
389 3101 577 3172 Pontillenm,
602 3111 629 3163 et
652 3121 785 3182 praeceps
809 3102 907 3162 llnrtis
929 3104 957 3161 in
981 3120 1068 3162 nrum
1085 3102 1166 3161 ruisi

304 3203 345 3275 0,
369 3204 399 3265 in
420 3211 450 3265 te
472 3213 609 3265 erratum·
625 3205 750 3275 mundo,
774 3206 837 3284 qni,
863 3222 929 3263 erun
953 3206 1006 3265 istu
1030 3204 1164 3273 lacessis,

265 3325 292 3366 zo
390 3305 455 3367 Non
478 3306 555 3367 violet
576 3325 591 3366 a
614 3307 693 3367 Petri
716 3314 745 3367 te
768 3304 872 3386 proenl
896 3324 960 3365 esse
983 3309 1036 3366 rin.

219 3486 286 3549 tbb.
400 3492 449 3542 nn
468 3492 649 3543 cestren
668 3494 716 3542 nn
736 3491 937 3542 nnrrnnmn
957 3492 1080 3545 s'rn‘rr.

303 3611 427 3685 Quando
451 3614 505 3674 erit
526 3620 559 3673 ut
581 3612 679 3673 lumen
702 3612 858 3673 Gernrnnin
883 3621 966 3692 eapte
989 3620 1133 3682 resumat,

388 3714 462 3775 llinc
484 3713 607 3775 llornern
631 3722 662 3775 nt
684 3714 779 3774 rideat
800 3734 889 3794 seque
912 3735 1057 3795 suumque
1079 3717 1174 3776 trabit

303 3816 428 3889 Quando
451 3819 523 3886 erit,
547 3823 578 3876 nt
600 3815 696 3877 bullas
713 3836 851 3897 ¹auroque
873 3817 1006 3898 pnmbile
1029 3817 1181 3897 plumbum

278 3936 290 3977 t
390 3917 470 3979 Orbe
492 3918 597 3996 aliquis
621 3919 704 3979 retuli
728 3929 830 3980 rerunt
853 3922 969 3998 entique
993 3919 1070 3981 elio?

303 4021 361 4081 Ant
382 4027 430 4082 tua
453 4029 613 4100 perpetuo,
638 4021 717 4100 qnoel
741 4040 835 4092 nune,
859 4024 1029 4093 Germania,
1053 4023 1165 4090 Cesar,

389 4122 561 4185 Ludibrium
584 4123 686 4185 Romno
707 4123 873 4203 diripientis
896 4126 971 4185 erit?

303 4220 380 4292 Quin
396 4224 497 4284 merndi
513 4225 668 4303 imperinm
686 4234 714 4285 et
730 4235 818 4305 capnt
833 4227 889 4287 boe
905 4227 1005 4288 mundi
1021 4228 1196 4307 imperiique

277 4344 291 4384 e
389 4324 472 4404 (Nem
495 4344 615 4405 possum
639 4327 716 4387 hntrtl
740 4328 816 4388 nliutl
839 4328 946 4406 elicere)
971 4328 1061 4388 Roma
1085 4337 1132 4389 tna
1156 4336 1209 4390 est.

143 4442 303 4453 ——n—

165 4492 177 4526 ⁸
195 4493 321 4545 libidinis
333 4500 358 4545 2.
365 4498 390 4545 4.
443 4496 479 4546 ol.
493 4498 642 4562 superioris
661 4499 748 4563 epigr.
761 4515 786 4547 v.
800 4496 824 4545 o.

167 4576 226 4629 tm.
255 4578 465 4645 'religionist
518 4579 656 4647 'dieique
675 4582 857 4631 beutnsAnte
877 4582 980 4632 obitum
999 4597 1078 4633 nemo
1096 4585 1390 4650 supremoquelnnere

143 4666 192 4715 eet.
211 4662 292 4714 Ovitl.
303 4669 369 4715 met.
379 4664 431 4715 111.
445 4663 500 4715 136.
511 4681 551 4731 sq.
562 4671 656 4716 notum
669 4682 703 4716 ex
713 4667 852 4717 Herodoto
862 4667 969 4717 Solonis
982 4668 1092 4719 dietum.
1147 4667 1166 4701 ¹⁰
1178 4670 1304 4720 mundum
1317 4673 1389 4721 2...4.

170 4746 228 4799 150.
258 4747 266 4781 ¹
286 4748 407 4816 Volgere
425 4750 520 4816 penllo
539 4755 600 4816 post
618 4751 723 4801 lactum
743 4758 785 4803 eet
803 4751 871 4802 illutl
891 4752 1051 4804 ‘Germania
1069 4754 1164 4807 oeulos
1181 4755 1304 4822 reoepil'.
