3270 5354
330 378 454 415 nva'rnu
468 378 497 414 ut
511 378 627 414 notante
640 379 676 415 Dl
689 380 799 417 nvnnntt
812 381 969 420 armavit
981 383 1167 421 DETLORATTO.
1323 358 1396 428 *¹05

305 534 443 612 Vipereos
465 532 563 594 molita
587 551 687 594 eomas
709 541 739 594 et
761 536 883 598 verbera
907 536 983 598 collo

304 633 481 715 Tisiphone?
504 642 554 697 aut
575 635 648 697 obiit
670 655 755 697 soror
778 637 893 701 huncce
915 640 1040 717 Megara
1063 641 1212 703 lahorem?

266 757 293 799 m
307 736 498 817 Quaecunque
520 745 565 799 est
587 756 653 816 qua·
674 745 703 799 te
726 739 884 801 Furiarum
906 740 952 801 his
975 741 1082 803 ictibus
1104 743 1163 820 egit

303 840 346 901 ld
368 838 481 909 scelus,
501 839 581 900 haud
602 858 731 920 unquam
755 843 849 919 poiori
871 844 1027 904 excanduit
1047 853 1120 905 austu

305 942 337 1003 lo
359 960 453 1021 genus
476 941 652 1012 humanum,
676 950 704 1004 te
726 949 820 1004 totum
842 944 961 1005 invertit
982 954 1012 1006 et
1034 964 1107 1016 uno,

303 1044 368 1117 Quo
390 1044 486 1105 maius
508 1062 652 1123 nequeas,
677 1046 790 1107 crimen
815 1047 998 1108 committere
1021 1049 1113 1110 iussit.

302 1146 345 1207 db
368 1151 453 1225 potes
475 1145 528 1207 has
551 1145 659 1206 violare
682 1164 801 1216 manus,
825 1165 862 1208 ex
884 1147 969 1209 hoste
991 1148 1115 1211 salutem

264 1265 291 1306 ro
304 1248 445 1321 Quaerere
467 1265 533 1328 quae
554 1248 695 1310 studuere
718 1248 789 1309 tibi?
812 1255 896 1328 potes
920 1251 948 1310 iu
972 1259 1060 1328 caput
1082 1252 1157 1312 istud

303 1349 433 1411 Exerere
456 1348 576 1411 hostiles
598 1348 724 1427 gladios,
748 1350 913 1428 vigilantius
936 1350 1028 1413 ullum

305 1452 369 1525 Quo
392 1469 452 1511 uou
474 1458 658 1531 compertum
681 1458 727 1514 est
747 1469 803 1529 pro
826 1453 873 1513 tel
895 1460 994 1532 polee,
1017 1455 1121 1534 impie,
1146 1463 1253 1516 martam

304 1553 368 1614 Non
390 1561 526 1633 spectare
548 1553 651 1621 iidem,
675 1552 731 1614 sub
754 1571 811 1632 qua
834 1555 933 1616 fidutia
956 1556 1012 1616 lina
1036 1563 1080 1617 est

302 1656 422 1716 Summa
445 1653 515 1715 tihi?
537 1662 622 1734 potes
645 1654 701 1715 hoe
725 1654 805 1716 ierro
829 1658 979 1734 contigere
1001 1676 1125 1736 scapua,

265 1779 291 1819 re
305 1757 390 1831 Quod
413 1774 523 1836 corpus
544 1774 663 1818 servare
685 1764 784 1826 tarum,
807 1775 839 1818 se
862 1776 1013 1836 opponere
1036 1759 1123 1821 nullis

301 1859 367 1920 Nou
390 1857 610 1920 discriminibus
632 1858 797 1930 consuerit,
820 1867 852 1920 ut
874 1861 990 1938 integer
1013 1881 1108 1932 esses,

302 1961 395 2022 Tutus
417 1968 446 2022 et
468 1959 641 2021 incolumis?
663 1960 728 2021 Non
752 1959 809 2020 hoe
830 1977 885 2039 pro
908 1979 1032 2024 munere
1054 1963 1139 2025 reddi

301 2062 408 2125 Debuit
430 2062 560 2123 exitium.
584 2062 641 2123 Sed
666 2068 694 2122 te
717 2080 812 2141 neque
834 2066 976 2141 sauguine
998 2074 1099 2126 uatum

300 2165 436 2226 llumano
458 2162 642 2243 perhibenda
664 2163 751 2231 fides,
776 2182 872 2243 neque
895 2183 985 2228 earne
1007 2175 1160 2228 eoactum:

261 2287 288 2328 so
301 2264 372 2336 Quae
394 2265 495 2344 genuit
517 2264 580 2327 iera
603 2272 697 2326 mater
719 2273 796 2335 erat,
820 2285 945 2346 qumque
967 2268 1059 2331 ubera
1083 2288 1173 2348 parvo

299 2366 429 2429 Praebuit
450 2366 585 2447 Hyrcana
608 2366 747 2445 quiddam
770 2368 807 2430 do
830 2369 936 2446 tigride
958 2372 1049 2440 sunit,

300 2470 443 2531 Saeuitiam
466 2468 580 2529 iactura
602 2467 669 2538 tihi,
692 2468 805 2529 iactura
828 2470 977 2540 lurorem;

300 2569 447 2633 Credibile
470 2576 515 2631 est
535 2576 615 2631 atras
638 2571 725 2631 eliam
749 2573 862 2633 nutrire
884 2571 992 2634 leaenas

299 2674 422 2751 iugenio
444 2671 584 2752 quiddam
608 2679 765 2750 cognatum
789 2680 818 2733 ct
841 2674 973 2735 moribus
996 2677 1075 2746 istis,

262 2796 286 2836 aa
301 2777 358 2836 hut
375 2773 478 2854 'aliquo
500 2781 638 2854 serpente
660 2781 771 2844 saturn,
795 2793 883 2854 quom
905 2775 969 2836 dira
993 2778 1107 2857 Cyrene

299 2877 380 2939 Feta
404 2894 551 2938 venenoso
573 2875 656 2936 solita
680 2883 724 2937 est
746 2876 913 2954 producere
936 2886 1032 2957 parto.

298 2979 341 3041 Te
362 2978 523 3057 Rhodope,
545 2984 575 3039 te
597 2977 688 3037 tristis
709 2976 801 3038 dthos
823 2977 1002 3058 Riphaeaque
1026 2987 1126 3041 cautes

299 3081 412 3152 Edidit,
435 3088 486 3142 aut
507 3079 635 3159 Scythici
657 3077 788 3141 borealia
811 3098 963 3142 murmura
987 3082 1075 3143 Tauri

300 3183 514 3261 mensesque
536 3181 617 3243 uires
639 3189 668 3242 et
690 3180 820 3242 desolata
842 3184 955 3261 pruinis

260 3308 286 3346 ca
301 3284 431 3346 llercinii
452 3301 604 3363 nunquam
628 3284 757 3344 nemoris
780 3284 862 3361 iuga,
886 3303 1010 3363 qumque
1033 3289 1177 3366 patenteis

298 3387 467 3448 Exoneraut
487 3392 584 3448 terras
606 3383 723 3446 nebulis
745 3392 774 3446 et
796 3385 925 3447 nubibus
947 3387 1045 3468 Alpes.

298 3488 395 3551 lulera
418 3496 447 3550 te
468 3486 566 3549 rabies
588 3488 682 3557 misit,
706 3495 734 3547 tc
756 3496 850 3549 mater
872 3488 997 3569 Erinnys

151 3629 293 3639 *—

162 3709 185 3745 ⁶⁸
207 3707 370 3776 Tisiphone]
389 3724 446 3759 une
464 3708 603 3760 extribus
628 3708 708 3757 iuriis
732 3706 891 3769 „Continuo
909 3712 996 3761 sontis
1019 3710 1103 3761 ultrix
1127 3711 1256 3760 accincta
1278 3708 1390 3774 flagello

151 3796 246 3863 iphone
265 3795 355 3859 quatit
372 3792 510 3844 insultans
527 3796 674 3857 torvosque
692 3793 807 3843 sinistra
819 3794 963 3845 intentans
982 3797 1082 3861 angaris
1095 3800 1177 3846 vocet
1189 3795 1302 3860 agmina
1314 3809 1390 3844 soevn

151 3884 242 3931 trnm”.
269 3882 347 3943 Verp.
361 3879 430 3929 Aen.
443 3879 490 3928 VI.
503 3876 563 3928 570.
577 3893 635 3943 sqq.
656 3876 757 3928 “Soeru
775 3878 926 3944 Tisiphone
952 3885 1036 3944 eaput
1053 3879 1234 3945 Serpentibue
1257 3877 1388 3929 vallata&

151 3982 185 4017 ec.
197 3966 282 4016 Here.
295 3963 349 4015 fur.
361 3962 421 4013 984.
491 3961 563 4011 hono
574 3977 668 4012 ornnes.
687 3967 796 4013 correxi
812 3963 928 4014 huncce.
999 3966 1136 4030 Megaera,
1155 3959 1301 4028 Μέγαιρα,
1320 3963 1389 4025 ,,Ι)ἰ-

151 4050 331 4116 tergeminae
350 4053 443 4115 pestes
463 4047 626 4113 cognomine
644 4047 729 4108 Dirce,
749 4047 826 4109 Quos
844 4053 872 4097 et
890 4048 1053 4099 Tartaream
1066 4049 1124 4098 Non
1143 4049 1311 4112 intempesta
1328 4047 1385 4096 Me-

151 4150 198 4185 am
216 4134 278 4185 Uno
303 4132 453 4197 eodemque
477 4132 542 4182 tulit
564 4136 645 4197 partu
669 4132 838 4197 paribusque
862 4133 981 4184 revinxit
1003 4133 1166 4199 Serpentum
1189 4133 1272 4198 epiris
1295 4136 1390 4181 vento·

151 4235 196 4285 qno
215 4218 323 4268 eddidit
335 4216 422 4267 olas”.
445 4219 525 4281 Verp.
538 4216 607 4265 Aen.
621 4214 829 4281 X11.845.sqq.
844 4217 887 4266 Cf.
904 4218 954 4268 Gtc.
968 4217 1003 4267 dc
1016 4219 1073 4267 LL.
1086 4218 1109 4267 I.
1119 4216 1194 4281 ibeo.
1247 4215 1269 4247 ⁷³
1288 4215 1391 4266 fiducie

151 4342 155 4356 .
220 4300 240 4333 ³¹
265 4302 302 4352 es.
325 4299 1088 4367 Verp.Acn.1v.3tt.cf.Triumph.1teuehl.v.528.
1141 4301 1162 4334 ⁸⁸
1183 4299 1387 4362 omninoque.
1419 4320 1422 4325 ·

151 4403 250 4439 annum
269 4391 297 4437 te
316 4387 415 4451 gennit
432 4387 493 4437 sole
511 4386 562 4438 snb
580 4401 648 4451 rupe
671 4385 797 4436 leaena?”
891 4383 976 4450 atres]
1000 4403 1050 4437 uon
1068 4394 1118 4436 tum
1136 4389 1172 4437 aa
1189 4390 1299 4437 colorem
1317 4403 1389 4452 quam

151 4475 271 4525 medicari
289 4473 413 4536 refertur.
484 4468 507 4503 ⁸⁵
525 4471 694 4536 Cyrenaica,
719 4470 835 4521 locustis
853 4471 941 4537 magis
966 4486 1046 4536 quarn
1065 4473 1241 4538 serpentibus
1260 4473 1388 4540 obnonia,

152 4557 264 4620 Africa,
278 4572 339 4623 quae
356 4561 417 4608 tote
434 4557 605 4623 serpentium
616 4556 723 4620 nutrix,
742 4555 769 4605 h.
782 4554 801 4605 l.
814 4555 978 4615 nominetur.
1032 4555 1101 4601 Μι-
1118 4559 1252 4608 Ferorum
1269 4556 1388 4607 saltuum

151 4643 281 4707 otiumque
301 4642 436 4709 exempla.
497 4641 520 4675 ⁹⁰
537 4645 667 4707 patentes
681 4646 707 4693 3.
768 4639 789 4672 ⁰¹
808 4639 975 4706 Exonerant]
995 4641 1111 4691 nebulae
1130 4647 1158 4692 et
1175 4643 1262 4692 nubes
1280 4643 1309 4691 in
1327 4657 1389 4692 seso

151 4726 292 4778 trahentes
306 4727 340 4778 ab
354 4726 410 4777 illis
421 4726 545 4777 liberent
557 4726 720 4778 ediscentes
731 4726 868 4792 regiones.
916 4724 938 4757 ⁹¹
950 4727 1063 4793 Erinys,
1083 4727 1169 4791 iuris,
1183 4728 1289 4779 animos
1301 4727 1387 4777 homi·
