3270 5354
465 362 589 397 uvarum
602 362 638 397 ΔΙ)
653 362 853 399 001ΝΙ1111118ΕΒ
867 364 996 400 1101111108
1009 364 1181 401 EPIGRAMMA·
1394 338 1469 408 277

743 918 905 969 srvsnuu

551 1020 599 1081 Au
621 1019 892 1082 convetususss
914 1019 1093 1109 ROlIANOS

709 1138 937 1192 seruaturus.

378 1274 422 1335 Dii
446 1275 544 1335 medio
567 1276 596 1334 iu
618 1274 702 1334 Latio
724 1262 850 1335 solidam
873 1292 1002 1352 posuere
1025 1275 1208 1347 columnam,

462 1376 525 1448 Qua
548 1376 624 1436 lovis
645 1375 794 1437 interdum
816 1376 892 1437 lesse
916 1377 1047 1454 quiescat
1068 1379 1138 1437 aiis.

337 1522 343 1533 .
377 1476 493 1539 Bellum
515 1483 593 1545 erat,
617 1478 751 1539 exierant
773 1476 848 1540 Galli
871 1478 1064 1557 exierantque
1086 1479 1215 1548 Leones,

351 1615 364 1655 4
463 1577 613 1648 l'buscus,
637 1580 665 1638 iu
688 1578 827 1655 Euganea
850 1579 960 1657 quique
981 1578 1089 1657 palude
1111 1583 1201 1658 regin

378 1679 487 1742 Fessus
509 1678 549 1740 ibi
571 1680 686 1757 quoties
709 1681 842 1758 requiem
866 1679 922 1740 sibi
944 1689 1083 1759 posceret
1104 1681 1186 1752 Ales,

461 1780 584 1843 Puloivit
606 1789 705 1860 gratas
727 1779 774 1842 illa
798 1779 934 1842 columna
957 1783 1044 1843 vices.

376 1884 408 1953 si
428 1890 568 1945 numeres
590 1900 700 1952 annos,
724 1881 821 1943 medio
844 1883 869 1942 si
891 1884 922 1942 iu
945 1890 1038 1945 marte
1060 1883 1195 1955 labores,

351 1980 364 2019 ⁸
463 1984 546 2045 Hane
568 1981 676 2044 molem
699 1982 768 2044 belli
789 1985 961 2046 sustinuisse
983 1990 1079 2063 putes.

379 2084 462 2155 Vive,
485 2085 643 2154 Columna,
667 2085 716 2146 diu
739 2083 880 2164 nulloque
902 2086 1045 2147 intercide
1068 2086 1167 2166 lapsu,

460 2187 531 2259 Qua
554 2186 626 2248 eolis
647 2187 809 2266 Imperium
832 2185 909 2256 sola,
933 2194 1074 2268 teuesquc
1099 2188 1200 2249 isdem!

238 2388 325 2441 Falso
341 2388 395 2440 boc
414 2389 585 2455 epigramma
603 2388 754 2440 Coritiauis
778 2389 962 2442 adnumerant
980 2394 1005 2441 2.
1018 2408 1075 2458 sqq.
1088 2405 1178 2454 nequo
1198 2396 1274 2442 extat
1291 2392 1365 2442 inter
1383 2391 1466 2456 Cory·

168 2477 254 2527 ciana
271 2476 367 2526 Rornae
385 2489 411 2525 a.
426 2472 550 2525 151141.
563 2473 716 2539 publicata.
752 2473 869 2524 Poterat
890 2473 943 2525 lroc
963 2474 1050 2541 epigr.
1064 2477 1138 2526 inter
1156 2490 1190 2526 ea
1214 2490 1276 2541 quae
1294 2475 1399 2527 Caesari
1418 2476 1466 2526 ad-

168 2560 280 2627 scripta
302 2563 383 2623 suns,
407 2558 508 2624 recipi;
531 2559 580 2609 scd
599 2559 737 2624 cumipse
756 2559 896 2609 Hutteuus
914 2559 1098 2623 uenissent,
1123 2576 1212 2625 neque
1231 2560 1297 2611 mihi
1315 2560 1402 2612 licere
1420 2576 1466 2612 vo·
1549 2606 1556 2617 .

167 2644 219 2696 lui.
272 2642 281 2677 ¹
301 2636 354 2694 Est
370 2643 456 2694 etiarn
474 2643 503 2692 in
521 2642 676 2708 insignibus
695 2641 917 2693 Columuensium
936 2645 965 2694 in
984 2645 1064 2695 rubro
1083 2644 1167 2696 lurndo
1186 2643 1313 2696 columna
1332 2650 1467 2711 argentea

169 2744 233 2781 cum
246 2743 350 2780 corona
362 2742 449 2788 sures
460 2729 489 2778 in
502 2742 586 2778 aureo
598 2726 669 2793 pede
681 2731 768 2777 stans.
821 2726 832 2758 ²
849 2727 924 2778 Iovis
938 2724 1011 2794 avis]
1030 2730 1052 2779 i.·
1063 2747 1087 2781 e.
1100 2729 1202 2795 Aquila
1219 2730 1315 2795 imper.
1367 2728 1378 2761 ³
1396 2731 1467 2781 Leo·

169 2811 234 2881 nes]
249 2812 376 2864 Theseus
384 2813 486 2864 :Leo
495 2813 529 2863 X.
540 2811 726 2874 Florentinus,
736 2817 761 2861 et
775 2813 804 2861 iu
816 2812 886 2876 Eug.
898 2813 944 2877 qui
962 2812 1017 2877 pal.
1028 2811 1112 2879 regit]
1125 2814 1249 2864 Venetus
1259 2814 1318 2863 Leo
1328 2813 1355 2863 S.
1366 2814 1465 2866 Marci.

168 2892 409 2962 ’ColumneusesJ
427 2900 507 2949 vetus
526 2912 543 2946 a
561 2895 694 2947 Columna
713 2896 741 2945 in
760 2911 827 2960 agro
846 2897 922 2946 liom.
942 2898 997 2948 sito
1014 2898 1092 2959 vico,
1116 2912 1197 2963 quern
1221 2898 1362 2963 antiquum
1379 2898 1465 2949 Labi·

171 2996 233 3033 cum
252 2996 315 3033 esse
333 2980 439 3043 ierunt,
458 2995 558 3031 nomeu
576 2996 676 3047 gerens
694 2979 894 3030 nobilissimum
914 2996 1009 3047 genus.
1041 2982 1160 3048 Prosper
1173 2980 1309 3032 Columna
1326 2982 1355 3032 iu
1372 2997 1466 3047 pugna

170 3061 324 3119 vicentina
340 3066 489 3117 Liuianum
512 3065 582 3115 vicit
601 3080 626 3116 a.
642 3063 731 3126 lum,
750 3064 897 3115 Fabricius
915 3066 945 3115 C.
965 3066 1032 3116 item
1055 3067 1105 3116 sub
1123 3065 1300 3119 Ferdlnando
1319 3060 1465 3117 Catholico

170 3151 295 3203 militans
313 3166 339 3201 a.
354 3148 428 3201 loos.
442 3148 558 3215 magnus
575 3150 636 3214 regi
654 3148 851 3201 conestabulus
869 3149 961 3200 laetus
979 3155 1040 3216 post
1058 3149 1142 3215 ligam
1156 3149 1387 3202 Cameracensem
1401 3164 1464 3200 eon·

170 3240 293 3288 traetm
310 3234 428 3286 Venetis
450 3234 641 3300 possessiones
664 3249 729 3283 suas
746 3233 949 3298 Neapolitanas
974 3237 1008 3286 ad
1033 3249 1096 3284 oras
1118 3234 1279 3285 Hadriatici
1303 3235 1386 3285 maris
1410 3235 1464 3285 eri·

170 3322 245 3387 pnit3
270 3318 372 3371 deinde
388 3318 442 3370 Iuli
459 3317 496 3369 11.
515 3319 652 3370 exercitui
674 3318 825 3384 preelectus
850 3319 879 3367 in
903 3318 1000 3384 praelio
1019 3319 1197 3369 Ravennensi
1216 3318 1464 3384 (pasch.a.1512.)

170 3405 207 3457 ab
229 3404 372 3472 Alpbnnso
388 3392 531 3455 Atestensi
553 3403 692 3453 Ferrarius
716 3403 785 3452 duce
810 3406 907 3468 captus
932 3407 960 3452 et
982 3402 1115 3453 libertato
1139 3401 1257 3453 donatus
1279 3403 1344 3454 lruie
1367 3407 1464 3454 contra

169 3486 311 3557 pontilicis
327 3488 485 3540 Ferrariam
505 3487 663 3538 invadentis
682 3485 771 3543 dolos,
795 3491 826 3535 ut
849 3488 877 3536 iu
901 3487 1031 3537 ducatum
1053 3502 1131 3538 suum
1149 3490 1342 3538 restitueretur
1361 3486 1464 3538 auxilio

170 3574 237 3625 luit:
256 3573 313 3624 nisi
329 3572 416 3625 Iulius
434 3573 471 3624 11.
485 3588 511 3623 a.
527 3570 602 3623 1513.
616 3573 799 3637 exspirasset,
823 3572 983 3622 Fabricium
1002 3573 1038 3622 ud
1057 3588 1083 3622 a.
1098 3571 1171 3622 1520.
1185 3588 1271 3638 usquo
1289 3587 1343 3623 non
1360 3572 1464 3623 vixisse

170 3657 339 3711 eredendum
356 3662 408 3709 est.
443 3658 587 3722 Praecipue
611 3657 729 3722 denique
752 3656 832 3706 huius
856 3656 1064 3723 epigrammatis
1082 3654 1179 3707 leudes
1197 3657 1353 3707 tribuuntur
1369 3657 1466 3706 Marco

170 3744 292 3795 Antonio
305 3742 346 3805 0.,
365 3742 442 3793 Petri
454 3742 576 3801 Antonii,
596 3741 691 3792 fratris
704 3742 841 3807 Prosperi.
859 3740 917 3792 lilio
929 3746 987 3793 nat.
1002 3757 1027 3791 a.
1043 3740 1126 3803 1478„
1146 3742 1192 3806 qui
1207 3741 1402 3792 celeberrimus
1415 3741 1464 3791 mi·

169 3827 251 3878 litum
269 3827 324 3877 dux
340 3824 440 3877 Iulium
451 3827 489 3877 11.
504 3842 529 3876 a.
545 3824 646 3876 selue
664 3826 791 3876 Bononia
809 3826 924 3876 obsessa
941 3825 1086 3889 liberavit,
1105 3827 1266 3877 Ravennam
1284 3830 1381 3876 eontra
1399 3824 1464 3875 Gal·

170 3912 212 3987 los
235 3916 348 3963 strenue
371 3910 499 3961 defendit
522 3914 550 3960 et
571 3909 756 3961 Maximillam
775 3911 797 3959 1.
818 3910 952 3965 exercitui
975 3911 1124 3977 praefectus
1147 3911 1268 3960 Venetos
1292 3924 1353 3959 eum
1376 3907 1465 3959 Gallis

170 3998 336 4048 coniunctos
358 3995 495 4047 Veronam
519 3996 670 4046 fortissime
693 3996 814 4061 optinuit
835 3997 963 4060 sequenti
990 4011 1071 4046 anno.
1107 3995 1182 4045 Pace
1207 3993 1413 4044 Noviodunensi
1437 4009 1463 4043 a.

173 4080 334 4132 returnar
351 4080 491 4131 Coesarem
507 4080 683 4144 Venetosque
701 4079 771 4129 inita
789 4080 826 4129 111.
839 4079 975 4131 Antonius
992 4080 1138 4130 Francisei
1156 4080 1178 4129 1.
1193 4077 1326 4130 exercitui
1344 4092 1463 4142 praeesse

120 4222 129 4241 ·
169 4167 266 4231 coepit,
284 4165 314 4215 in
332 4180 384 4230 quo
403 4180 514 4215 munere
534 4163 821 4215 a.1522.bombardoe
833 4163 1052 4214 Mediolanensis
1070 4165 1235 4229 ictuquem
1252 4166 1283 4211 ut
1301 4162 1388 4212 fertur
1405 4162 1464 4227 ipse

170 4249 326 4302 avunculus
342 4250 461 4315 Prosper
479 4249 575 4301 fratris
593 4248 651 4299 lilio
670 4264 687 4299 a
704 4263 735 4299 sc
753 4264 808 4300 non
826 4249 942 4313 adgnita
960 4248 1163 4307 destinaverat,
1181 4260 1330 4314 percussus
1347 4246 1424 4296 obiit.

665 4522 967 4532 -2———n————
