3270 5354
599 363 721 399 HYTTBM
736 363 845 399 11less
858 364 1012 402 ssBBOlCVU·

366 509 435 582 ‘od
450 509 532 583 δέδι’
551 509 755 597 ἄνθρωπον,
771 517 889 598 καίπερ
902 514 986 600 μέγα
999 516 1094 601 σῶμα
1107 517 1301 601 φοροῦντα,

365 609 475 683 ’Ἀλλὰ
497 612 568 683 δύα
588 613 678 702 μάλα
698 614 864 683 πάντατὰ
886 619 993 684 δείδια
1012 620 1125 685 πᾶσαν
1140 613 1196 687 ἐπ’
1211 616 1301 688 αἶαν.

364 724 491 802 ‘Erigite
513 724 655 786 infractos
676 726 790 786 animos
811 723 975 805 lassataque
997 727 1100 799 corda,

326 844 353 884 ro
368 826 476 906 ‘iuque
497 828 590 888 ricem
612 826 754 888 audentes
776 829 862 888 iessis
883 831 1047 891 succurrite
1069 828 1177 900 rebus;

365 926 579 1007 ‘Quoscunque
600 929 630 988 in
652 927 779 1008 populos
801 931 924 1003 emittite
946 949 993 992 me
1015 931 1090 993 duce
1112 930 1247 995 betium.-

364 1029 416 1090 Ἀἱ
437 1029 542 1108 grandi
565 1028 681 1110 eloquio
704 1038 733 1092 ct
755 1030 852 1092 verbis
873 1032 1045 1095 acuentibus
1067 1035 1127 1094 iras

365 1142 373 1164 ⁴
406 1150 473 1193 emo
495 1134 579 1192 tortis
602 1131 685 1211 eget’.
728 1134 886 1213 Postquam
908 1141 953 1194 est
974 1153 1007 1197 ea
1031 1135 1102 1205 iata,
1125 1117 1246 1198 sidentes

390 1233 550 1313 bstupuere
571 1235 676 1303 animi,
700 1234 788 1312 digna
810 1235 962 1297 admiratio
986 1237 1068 1299 iactis
1109 1274 1112 1279 ·

326 1355 351 1395 u
366 1337 453 1398 lussit
474 1335 602 1397 inaudita
626 1336 750 1417 populos
772 1339 898 1399 novitate
920 1355 1037 1416 pavere.

364 1437 522 1500 Confestim
545 1436 707 1499 adcurrunt
727 1437 829 1500 Veneti
850 1457 1010 1520 regemque
1031 1440 1172 1510 satutant,

364 1541 489 1619 Quoquo
510 1538 618 1619 aliquid
640 1547 740 1619 posset
760 1542 889 1619 quaesitae
911 1543 1053 1604 accedere
1075 1543 1176 1615 tamer,

366 1641 441 1702 uano
462 1640 523 1703 aias
546 1639 755 1722 ‘Marcum’que
778 1651 891 1704 vocant.
915 1641 963 1704 iila
985 1642 1091 1723 accipit
1112 1663 1202 1706 omen

366 1746 553 1822 Acceptoque
574 1745 678 1804 animis
700 1760 754 1822 pro
777 1744 951 1807 condicione
973 1745 1106 1824 superbit

327 1864 353 1904 so
367 1845 404 1906 Et
425 1846 542 1908 Venetis
563 1843 653 1906 Ranis
675 1853 704 1906 et
725 1845 821 1907 adhuc
843 1849 946 1926 stipata
969 1865 1113 1909 novorum

364 1949 492 2010 necessu
514 1938 689 2027 procerum
713 1956 782 2008 tnnc
804 1967 894 2026 regna
917 1950 1021 2010 invasit
1041 1944 1074 2010 et'
1093 1948 1183 2011 urbes

365 2049 593 2129 Perdomuitque
614 2049 705 2110 duces
727 2066 871 2129 regesque
891 2053 977 2112 eiecit
998 2069 1130 2130 opesque

365 2151 500 2213 Condidit
521 2150 705 2213 immodicas:
728 2157 789 2211 toto
811 2158 915 2230 stupor
938 2170 1014 2213 unus
1035 2154 1065 2212 in
1087 2152 1160 2213 orbe

364 2241 575 2333 Λιμνοχαρὴς
594 2242 793 2332 πολύφημος
815 2264 892 2324 crat;
914 2255 1038 2316 timuere
1061 2257 1176 2335 tyrauui

327 2373 352 2414 ss
366 2355 403 2416 Et
424 2355 513 2416 victas
535 2353 666 2416 tribuere
687 2372 805 2422 manus:
829 2373 919 2434 regua
942 2358 1038 2417 omnia
1060 2357 1161 2418 biarco

365 2457 478 2519 Territa
500 2463 568 2518 suut
591 2455 714 2526 Veneto,
737 2455 798 2516 sota
821 2456 890 2518 buic
912 2459 1066 2521 Germania
1089 2465 1222 2519 monstro

366 2560 519 2637 indignum
543 2558 627 2620 duxit
648 2557 788 2620 famulum
810 2561 993 2620 summittere
1015 2557 1133 2621 coitum.

365 2660 414 2723 lua
437 2661 624 2722 Tridentinos
646 2667 743 2722 tamen
766 2669 810 2722 est
831 2661 968 2722 inuadere
991 2668 1106 2723 montes

364 2763 594 2842 Herciniumque
615 2780 734 2831 nemus,
758 2781 813 2842 qua
837 2772 920 2841 parte
941 2762 1095 2825 obnubilat
1110 2763 1239 2834 istrum,

325 2885 351 2925 co
365 2866 459 2934 Ausa,
482 2863 537 2925 sub
559 2864 616 2927 trac
637 2867 736 2944 specie
758 2864 942 2945 simutatique
964 2884 1017 2927 ore
1038 2865 1159 2934 Leonis;

364 2968 421 3030 Per
444 2967 487 3028 ias
509 2985 620 3046 perque
643 2968 724 3028 netas
746 2974 825 3027 recta
848 2974 877 3028 et
898 2985 985 3046 prava
1008 2969 1255 3029 omnio'mieccus

365 3067 573 3147 Extollensque
596 3067 688 3130 maios
710 3071 889 3148 meritosque
911 3072 941 3130 in
963 3069 1084 3131 Tartara
1106 3086 1246 3148 mergens

364 3172 446 3244 Quos
467 3173 563 3251 potuit
583 3189 770 3251 quorumque
792 3171 865 3233 tides
887 3171 943 3234 sibi
965 3172 1090 3243 credita,
1112 3180 1214 3235 sontes

366 3272 436 3334 Hoc
457 3273 560 3334 eadem
584 3262 641 3334 sibi
662 3274 812 3334 coniunxit
834 3275 980 3353 sociisque
1002 3273 1057 3335 sub
1081 3292 1183 3335 onmes

325 3395 350 3435 ιι
366 3376 422 3437 Usa
445 3383 490 3437 est
512 3382 648 3443 eventus:
671 3383 733 3438 tum
756 3392 830 3454 quos
852 3393 911 3437 nou
934 3377 1051 3437 vincere
1073 3374 1152 3437 betto

365 3478 422 3538 Aut
443 3478 549 3538 uirtute
571 3479 753 3555 suapotuit,
777 3478 918 3539 miscente
941 3496 1052 3540 veneno

365 3579 541 3641 cunctantes
565 3579 645 3645 vicit:
668 3597 751 3640 sacra
774 3581 872 3641 omnia
894 3586 925 3642 et
945 3582 1042 3640 omnia
1065 3581 1129 3640 iura

365 3678 472 3742 Polluit
493 3681 661 3762 egrediens,
685 3684 726 3740 ris
747 3688 835 3760 atque
856 3682 960 3743 iniuria
982 3680 1052 3743 beili

162 3852 365 3862 —————-

230 3953 253 3987 ‘¹
269 3953 312 4004 tt
326 3954 384 4006 Noc
402 3955 486 4004 timui·
501 3954 587 4005 virum
605 3953 729 4020 quamvis
753 3955 852 4020 ingene
874 3968 974 4019 corpus
995 3952 1152 4003 habentem.
1222 3947 1301 4007 ovet
1318 3945 1360 4006 δι’
1379 3944 1407 4006 ι’.
1420 3958 1444 4005 2.

163 4036 308 4107 φοροῦντα
325 4041 382 4090 m.
451 4039 474 4073 ⁸⁰
491 4039 532 4090 48.
546 4039 591 4090 Sic
603 4043 626 4090 1.
634 4043 660 4090 2.
677 4047 704 4089 et
720 4039 884 4091 frobeniana
900 4055 926 4089 o.
940 4042 1015 4090 1518.
1034 4037 1110 4102 (‘Sed
1127 4037 1181 4087 duo
1198 4037 1280 4090 uelde
1302 4041 1396 4091 omniu
1412 4040 1445 4090 ti-

164 4140 225 4177 meo
242 4138 350 4176 omnem
367 4141 417 4192 per
432 4125 554 4187 terreru’)
582 4126 678 4176 Versus
699 4126 795 4175 rectius
811 4124 844 4175 ab
861 4125 970 4175 liuttem‘
985 4125 1096 4174 curamine
1112 4122 1222 4185 oberret,
1240 4128 1280 4175 eet
1294 4129 1321 4175 et
1335 4127 1447 4176 mede·

163 4228 215 4262 ιιιιιι
231 4227 286 4264 αισι
301 4216 337 4263 W.
354 4201 425 4263 dett
443 4202 502 4264 ride)
518 4203 633 4263 uriom
649 4208 813 4275 περιδείδια
846 4224 876 4260 rr.
890 4223 912 4260 e.
927 4202 1015 4270 orlon,
1034 4215 1079 4259 ιιιιι
1095 4211 1188 4258 mn.
1206 4198 1279 4259 dud
1290 4207 1318 4260 δ.
1330 4226 1361 4262 u.
1372 4201 1447 4277 ptr·

165 4295 263 4349 δείδια
279 4313 309 4349 π.
323 4311 345 4348 r.
359 4290 437 4349 αἶαν.
456 4311 520 4346 nem
543 4296 572 4345 in
595 4299 689 4346 vetere
711 4295 833 4345 carmine
851 4294 932 4344 Rene
954 4293 1053 4359 stom
1075 4292 1125 4347 eod
1148 4288 1255 4360 γαιέηιι
1272 4293 1447 4361 (accipitrem

165 4388 194 4432 et
216 4380 314 4449 telem)
337 4398 369 4434 eo
391 4382 489 4432 timore
511 4381 611 4443 edicit,
634 4396 695 4433 eum
719 4381 748 4430 in
770 4380 888 4430 Hntteni
911 4381 1033 4431 carmine
1051 4376 1121 4441 nibil
1139 4380 1200 4431 eius
1215 4378 1290 4430 modi
1307 4386 1446 4446 eoquetm.

164 4466 188 4500 ’⁰
204 4467 287 4519 rebne
304 4466 456 4518 succurrite
474 4467 565 4517 fessis.
584 4466 667 4531 Verg.
679 4466 747 4515 Aen.
761 4466 809 4515 xl.
822 4463 880 4517 3³5.
932 4465 955 4498 ²⁸
972 4467 1054 4516 Hono
1071 4462 1305 4530 metamorphosin
1316 4464 1448 4516 describit

164 4552 285 4617 picture.
347 4556 495 4602 occurrunt
512 4554 571 4602 Μ.
635 4550 657 4582 ³
676 4551 833 4602 conditione
851 4554 876 4600 2.
940 4549 962 4612 ‚⁸⁴
983 4548 1310 4615 teneraemondensis·
1327 4549 1448 4601 multita-

166 4641 257 4688 eune.
307 4627 488 4704 Arpeo'goorc
507 4639 580 4686 1...³.
633 4627 809 4701 Πολύφημος
827 4639 852 4685 t.
904 4636 925 4669 Β·
943 4631 1097 4700 obnubilet]
1115 4633 1287 4699 Hercynium
1303 4649 1400 4687 uemue
1414 4651 1448 4679 =

165 4719 237 4771 silve
254 4725 336 4787 cipro.
388 4720 411 4753 '⁸
429 4733 562 4787 quoruan
580 4724 603 4772 1.
