3270 5354
306 381 431 418 mum
445 381 474 416 IN
488 379 685 415 HCSPTIONEH
699 379 884 415 noevsmsau
897 380 1018 417 nunaunt
1033 382 1237 420 passerumve.
1343 352 1416 426 373

325 536 410 599 Certa
432 537 480 597 sui
502 553 635 613 semper,
659 554 724 614 qum
746 536 789 596 sie
812 554 930 615 coepere
952 536 1077 599 subinde

321 639 477 701 lmmutata
499 645 634 706 manent;
659 639 707 697 cui
730 636 792 698 laus
815 657 830 698 a
854 646 941 716 gente
963 645 1074 699 vetusta

320 740 448 809 Prodiit,
473 747 561 817 atque
584 740 698 800 animos
720 738 872 800 stimulant
894 741 1009 800 virtutis
1032 758 1134 802 amore

273 862 313 904 eae
327 842 462 920 Egregiis
483 849 675 902 monumenta
699 843 776 901 notis
799 848 828 901 et
848 843 945 919 imago
968 860 1091 902 suorum

320 942 501 1024 Gentilisque
524 943 615 1005 decor
636 942 728 1003 titulis
751 942 886 1021 famaque
909 945 1037 1013 recenti,

319 1045 421 1108 indole
443 1047 493 1123 qui
516 1052 595 1106 tanta
619 1051 678 1114 est,
702 1046 773 1104 istos
795 1051 944 1124 spectatus
967 1045 1003 1106 ad
1027 1064 1134 1117 annos,

319 1149 374 1210 llic
395 1148 503 1226 poterit
526 1165 585 1206 non
608 1165 673 1208 esse
695 1145 791 1207 bonus
814 1153 864 1206 aut
886 1146 999 1207 desinet
1020 1148 1168 1226 unquam?

319 1250 481 1311 Fortunate
503 1256 604 1326 pater,
629 1247 716 1309 talem
739 1254 768 1307 tc
791 1266 915 1309 cernere
940 1267 1035 1326 nuper

265 1373 305 1414 aas
319 1352 415 1415 Ardor
437 1358 502 1413 erat
523 1350 655 1430 populis,
679 1351 768 1410 erevit
792 1351 956 1410 reverentia
980 1352 1056 1419 ris03

319 1452 501 1517 Oioeeunda
525 1453 593 1513 viris
616 1453 788 1522 Germania,
812 1450 873 1511 sola
897 1454 1011 1530 priores
1275 1452 1398 1535 totamm..

319 1554 390 1627 Quae
410 1555 517 1625 vincis,
541 1573 660 1633 semper
683 1571 749 1631 qnae
772 1555 867 1632 prisca
891 1552 1060 1614 recentibus
1082 1570 1173 1631 auges

318 1657 465 1727 Celtibus,
490 1664 519 1718 et
541 1674 693 1736 uunquam
716 1658 787 1717 sinis
810 1675 826 1716 a
850 1655 1012 1717 maioribus
1034 1655 1092 1715 illis

318 1760 506 1837 Degenerare
529 1758 635 1826 decus,
659 1765 691 1818 tu
715 1758 849 1818 nondum
872 1759 966 1818 elireto
990 1764 1129 1837 parentes

264 1880 305 1922 oso
319 1863 457 1942 Aequasti
478 1863 584 1922 virtute
606 1878 695 1930 uera,
719 1878 774 1920 nec
797 1860 904 1920 ‹lesinis
926 1878 1056 1939 unquam

316 1964 388 2025 Esse
411 1965 452 2024 tui
474 1961 596 2024 similis:
621 1962 690 2023 dum
715 1962 834 2023 ssrrnriua
858 1960 988 2021 lontibus
1011 1969 1111 2022 errant

316 2064 475 2127 irreditura
499 2066 577 2133 suis,
602 2064 708 2125 roelum
732 2064 802 2126 darm
826 2062 949 2124 rolritur
972 2066 1071 2134 astris,

315 2168 391 2230 llum
414 2168 493 2227 toret
514 2184 642 2227 oceanus
665 2167 774 2245 pisces,
799 2163 930 2225 animalia
956 2164 1055 2236 tellus,

314 2269 469 2333 Constahis
490 2287 609 2348 semper
633 2268 684 2328 tibi
708 2276 739 2328 tu
761 2285 938 2347 semperque
962 2268 1067 2327 leceris

263 2391 301 2433 eea
317 2372 409 2435 Terra
433 2373 513 2433 ierax
536 2388 713 2449 magnorum
736 2371 903 2430 homiuum:
927 2369 997 2430 dant
1020 2368 1125 2431 vellera
1142 2370 1246 2440 Seres,
1277 2370 1405 2451 {gqqffpt

314 2474 386 2535 Fert
406 2473 573 2542 hebenum,
597 2473 654 2533 lert
676 2472 765 2533 ludus
788 2471 879 2542 ebor,
903 2490 954 2533 sua
978 2471 1065 2532 thura
1088 2471 1225 2543 Sabaeos,

314 2575 447 2638 balsama
469 2576 576 2645 ludaei,
600 2575 699 2653 Tagus
721 2592 844 2644 aurrrm,
868 2575 958 2637 rubra
983 2574 1146 2651 smaragdis

312 2678 364 2740 Est
385 2677 520 2739 foecunda
543 2677 660 2746 Thetis,
683 2675 784 2736 laudat
806 2695 858 2737 sna
881 2676 987 2755 poeula
1012 2676 1138 2745 Lesbos,

313 2781 443 2842 Thraces
465 2798 571 2859 equos,
596 2777 741 2858 Chalybes
764 2778 892 2849 serrum,
916 2781 1074 2841 Germania
1097 2780 1187 2840 sortes

260 2903 300 2941 oro
314 2883 470 2963 Nunquam
493 2881 633 2944 exhausta
657 2882 734 2941 siros
756 2880 859 2942 sobole
881 2881 1019 2960 producit
1041 2880 1168 2941 almodo.

313 2985 463 3064 Rumpere
486 2983 603 3053 laeticia,
627 3001 701 3061 goos
722 2982 841 3052 hlartia,
865 2989 894 3043 ot
916 2982 1020 3044 inrehe
1043 2981 1164 3061 plausus
1239 2978 1403 3067 lssgffiffffl

311 3086 469 3166 Nunquam
491 3084 555 3147 aliis
577 3087 667 3155 risos,
692 3086 752 3162 iugi
775 3085 942 3147 contendite
965 3102 1073 3163 pompa

311 3189 443 3251 hretatas
464 3187 588 3267 opplere
612 3188 685 3257 rias,
708 3189 850 3266 entergite
872 3188 957 3247 tectis

312 3290 426 3369 lugenti
449 3289 599 3359 elamore,
623 3291 676 3350 riri
699 3290 888 3368 innuptaeque
911 3306 1082 3368 nurusque;

260 3413 300 3455 eu
314 3391 408 3455 Nullis
429 3392 505 3453 iesse
526 3398 613 3460 aetas,
637 3390 725 3451 nrrllis
748 3391 843 3470 pudor
866 3390 979 3460 obstet,
1004 3390 1148 3451 honorem

311 3492 378 3555 Vult
398 3493 464 3554 lieri
484 3492 541 3554 sihi
564 3511 669 3570 magna
693 3511 816 3573 parens,
840 3511 894 3553 nee
918 3491 1011 3553 laetior
1034 3492 1092 3553 ulla

310 3595 434 3657 Pertulit
456 3597 485 3656 in
509 3613 618 3675 pompa
641 3614 673 3655 se
694 3595 861 3659 luxuriante
885 3595 974 3655 rideri

311 3696 472 3759 lndulsisse
494 3697 550 3758 sibi
573 3699 696 3775 strepitu
720 3698 870 3775 uiruioque
893 3695 1055 3776 triumpho.

310 3801 416 3879 Aspice
438 3806 470 3859 ut
491 3799 657 3877 ingreditur
679 3816 785 3874 magna
809 3799 972 3876 excipiente
996 3804 1112 3859 caterva

258 3923 297 3964 oso
312 3901 377 3971 llle,
401 3901 491 3963 decor
514 3903 630 3979 patriae,
652 3902 780 3969 iuvenis,
804 3918 891 3979 quem
913 3901 1012 3961 dicere
1034 3901 1129 3979 possis

309 4003 435 4065 Delicias
457 4002 558 4082 populi
580 4001 748 4081 plaudentis
771 4011 800 4063 et
822 4001 902 4062 orbis
924 4003 1070 4062 amorem!

309 4105 431 4167 Rhenus
453 4106 535 4166 adest
557 4104 770 4181 dominumque
793 4123 878 4164 suum
901 4122 1061 4182 regemque
1076 4101 1197 4164 salutat:
1295 4100 1402 4186 litem

309 4206 466 4287 Nunquam
489 4208 529 4267 ita
551 4205 615 4266 laeta
639 4206 695 4267 deo
718 4207 808 4267 iacies
830 4208 930 4283 prins,
953 4207 1018 4285 ipse
1042 4204 1168 4266 verenda

171 4390 206 4427 ⁸¹⁵
219 4394 256 4444 ei.
273 4395 354 4461 Verg.
367 4410 462 4461 georg.
475 4395 498 4444 Ι.
512 4394 554 4445 54.
568 4408 626 4457 sqq.
639 4399 688 4442 etr.
736 4390 768 4422 ⁶³⁸
782 4391 897 4441 1ntus5.
950 4389 983 4422 ⁶³⁶³
996 4391 1101 4457 Tethye
1116 4395 1138 4441 1.
1148 4397 1172 4443 2.
1180 4396 1205 4443 4.
1219 4393 1324 4457 Thetys
1339 4398 1364 4444 3.
1373 4400 1397 4445 5.

145 4484 174 4531 te
185 4482 211 4531 6.
223 4479 310 4531 rubra
320 4480 420 4530 Thetis
431 4498 466 4523 =
478 4479 587 4529 rubrum
601 4493 684 4529 mare.
699 4477 735 4527 ei.
754 4477 831 4540 Verp.
847 4475 897 4525 eel.
910 4477 976 4537 hat.
990 4483 1015 4526 et
1028 4479 1071 4526 ati.
1129 4478 1231 4543 populo
1244 4482 1268 4528 ὂ.
1320 4475 1354 4510 ⁸⁴⁰
1373 4478 1396 4529 Ο

146 4578 202 4615 non
220 4564 397 4616 scribendum
416 4568 492 4614 esset
509 4563 591 4614 hodie
614 4563 725 4612 Tandem
781 4562 926 4626 producere
945 4563 1037 4627 nepot!
1105 4560 1139 4594 ⁶⁴⁸
1157 4578 1255 4625 nurus,
1275 4568 1306 4612 nt
1323 4579 1398 4628 saepe

146 4652 173 4701 ut
182 4654 292 4717 poetae,
306 4665 355 4717 pre
368 4649 516 4700 iuvenibus
529 4648 650 4699 feminis.
703 4643 783 4689 ⁰³²⁸t'l·
796 4647 865 4696 Haee
884 4646 974 4697 Rheni
992 4647 1084 4712 imago
1103 4647 1285 4712 pulcherrime
1305 4663 1398 4713 quem·

163 4748 219 4785 uon
238 4749 273 4785 ex
290 4734 370 4786 neris
387 4733 513 4785 omnibus
531 4734 656 4800 pertibus
675 4732 819 4799 conposite
837 4736 887 4783 est.
940 4733 1042 4783 Lemma
1060 4744 1106 4782 om.
1121 4736 1148 4784 3.
