3270 5354
446 375 550 417 51:130st
563 382 602 417 VI.
621 382 657 416 AD
670 382 852 417 VALENTINVH
866 380 1027 434 S'lolElelN.

295 535 349 595 llic
371 553 497 612 aucam,
520 543 552 595 ut
573 536 667 614 patria
690 534 830 613 spoliator
851 535 969 594 Loesius
991 533 1066 596 urba

258 656 270 694 ι
379 637 478 697 laurlit
500 637 628 697 llutiono
653 639 726 706 vim,
748 639 812 701 sinc
834 638 914 720 iure,
938 642 999 696 tuo.
1059 705 1064 725 .

295 737 419 818 Respice
441 746 484 798 lot
505 737 654 808 lacrimas,
678 738 876 805 adserendum
900 737 1013 815 respice
1035 730 1187 807 morbum3

379 839 409 899 Si
432 847 531 917 poteo,
555 847 584 900 et
606 858 690 900 casus
713 840 922 900 commiseram
945 836 1041 898 areos:

296 941 371 1001 Olim
395 942 499 1002 celeras
521 940 606 1001 aolus
628 940 731 1003 stadiis
753 942 887 1002 addictus
909 939 1036 1002 eisdem:

259 1068 271 1105 s
378 1043 452 1114 uuio
477 1042 567 1121 pudet
589 1044 695 1103 aonias
717 1049 746 1103 te
769 1042 893 1103 coluisse
917 1042 1004 1104 deas?

297 1144 353 1204 Per
377 1143 477 1206 luciles
498 1145 611 1215 llusm,
634 1154 688 1224 per
712 1162 957 1223 communemque
980 1144 1152 1221 aragislrum

380 1247 496 1325 l’erquc
519 1253 607 1326 caput
629 1253 778 1317 uestrum,
801 1264 856 1326 par
879 1252 968 1326 caput
989 1263 1042 1305 oro
1064 1251 1162 1311 murra,

297 1348 412 1425 Perque
427 1354 523 1417 tuam,
539 1349 622 1426 siqua
639 1355 697 1416 est,
714 1366 770 1427 qua
785 1366 865 1408 nunc
881 1349 1012 1428 capiare,
1030 1344 1179 1424 puellam,

249 1469 272 1508 ιι
381 1450 423 1511 Ne
446 1446 576 1528 tepidum
599 1451 628 1508 ia
649 1457 752 1520 nostro
776 1449 886 1511 lmderc
908 1456 1012 1528 pectus
1034 1465 1118 1526 agas,

299 1551 395 1628 lltqac
418 1557 486 1611 tuas
507 1569 561 1631 per
585 1560 613 1610 te
636 1550 730 1610 rideat
754 1569 818 1611 urea
840 1552 968 1611 canuiua
992 1551 1146 1628 princeps,

385 1651 420 1711 Et
441 1651 558 1713 tandem
583 1659 614 1711 ut
636 1651 911 1730 spoliamJiadicet
933 1648 981 1711 illc
1004 1668 1111 1711 meam.

300 1752 381 1814 ridde
397 1761 494 1813 laurea
510 1752 619 1831 siquid
635 1771 690 1830 pru
706 1760 805 1815 nostra
821 1759 904 1832 parte
920 1750 1099 1831 loquendum
1116 1760 1174 1822 est,

251 1875 274 1914 ιι
383 1854 447 1923 Ouo
469 1854 586 1932 pondus
608 1844 704 1915 corase
727 1855 797 1916 dent
819 1862 866 1916 tua
891 1853 980 1914 verbu
1003 1872 1091 1915 meae:

299 1956 382 2033 Sapo
405 1953 500 2034 aliqua
523 1955 647 2016 admotis
670 1955 757 2015 naluit
779 1957 927 2017 contentio
951 1954 1062 2016 verbis:

384 2054 478 2116 Verba
493 2063 610 2116 moreat
625 2057 755 2126 animus,
773 2057 921 2137 aeriaeque
937 2055 1053 2134 pondus
1068 2055 1188 2118 lrabeat.

301 2158 445 2236 Quicquid
468 2176 539 2237 ago,
563 2158 633 2218 dam
656 2176 715 2217 ιιοιι
741 2157 837 2218 verbis
859 2147 1053 2238 praesentibus
1076 2165 1158 2226 ntur,

248 2283 274 2321 m
382 2259 469 2321 Facta
494 2272 552 2329 est,
576 2278 663 2338 quiam
687 2259 797 2339 lauerat,
821 2262 878 2320 iam
902 2279 966 2322 mea
990 2282 1077 2324 (eausa
1099 2264 1213 2330 niiam·;

97 2435 220 2483 umdruai
237 2436 262 2481 ia
280 2447 359 2495 ruarp.
373 2431 529 2495 adscriptam
546 2438 584 2479 eat
603 2429 772 2494 Stopeateya
792 2429 853 2492 (siue
871 2437 910 2481 est
923 2430 1100 2497 Stegentyn),
1119 2450 1168 2483 noa
1188 2431 1387 2497 Steygeateya,

99 2526 126 2568 at
145 2522 168 2568 2.
183 2518 324 2574 adnotavit,
345 2518 387 2579 qui
407 2518 525 2578 exemplo
545 2514 685 2578 Grpplriaw.
699 2516 833 2577 arueripm
851 2517 960 2566 [Inueni
975 2532 1049 2566 manu
1066 2520 1165 2582 scripta
1180 2519 1249 2581 suriae
1268 2518 1387 2566 eredidit.

101 2605 191 2668 lpse?
208 2601 389 2665 superscripsit
402 2599 590 2663 Steigcateyn.
609 2606 634 2649 et
652 2601 689 2647 aie
707 2606 781 2648 ellum
795 2603 820 2648 3.
851 2601 986 2651 Stoioatia
998 2605 1082 2666 pratis
1094 2618 1181 2653 acmen
1194 2610 1240 2658 est,
1261 2619 1337 2668 epira
1349 2602 1390 2651 dic

99 2688 220 2737 oriundus
235 2687 299 2747 sarit,
320 2700 389 2750 quiem
410 2684 538 2733 l'oelrlaeus
556 2681 568 2744 (
570 2685 711 2733 Heumann.
725 2685 843 2733 decurram.
856 2703 883 2749 p.
896 2689 939 2735 22.
953 2704 978 2736 ιι.
995 2686 1056 2750 Vll.)
1076 2687 1253 2738 Valentinum
1273 2688 1389 2752 Stegen·

101 2774 140 2821 tia
157 2773 268 2834 scripsit.
306 2770 343 2818 ne
361 2770 409 2817 doc
422 2768 529 2817 Hirtlear'
541 2768 752 2829 Fruneofarlcasi
768 2770 924 2819 coarailitone
934 2762 1101 2821 'llemauuans
1119 2770 1214 2833 (roarm.
1227 2778 1290 2835 tsup.
1306 2789 1334 2836 p.
1347 2771 1389 2820 27.

100 2858 136 2905 ud
152 2873 178 2920 p.
193 2854 232 2904 17.
247 2870 287 2916 ep.
302 2856 371 2912 vul:
396 2854 448 2915 „la
466 2855 547 2903 Mart.
569 2853 709 2917 Raugonia
727 2855 893 2904 l'omeraaia
911 2855 1091 2920 diplomatica
1109 2872 1135 2921 p.
1157 2856 1213 2905 120.
1227 2859 1299 2905 inter
1316 2857 1391 2905 viros

99 2943 201 2991 virtute
216 2937 248 2989 ac
261 2938 387 2987 doctrina
407 2937 506 2999 claros,
526 2953 592 3002 quos
611 2939 666 2987 ista
684 2942 769 2987 aetate
788 2939 964 3004 episcopatus
976 2941 1074 2990 babuit
1087 2941 1270 3001 (laminensis,
1290 2944 1392 3005 plraeter

102 3026 172 3075 alios
192 3025 311 3074 eminere
324 3012 426 3070 dicitur
440 3021 602 3071 Valentinus
622 3039 638 3072 o
650 3022 797 3087 Stoyentia
810 3023 831 3073 1.
845 3023 879 3073 V.
890 3025 925 3077 l).
980 3024 1118 3074 Scultelus
1131 3026 1161 3073 iu
1179 3025 1270 3072 arinal.
1285 3026 1390 3085 Evaag.

101 3127 194 3162 amaon.
209 3110 243 3159 ad
262 3125 287 3157 a.
304 3107 375 3156 1522.
399 3106 441 3153 ‘ln
460 3106 624 3154 l‘omerania
648 3121 707 3154 crim
726 3105 928 3167 delerlmisset',
953 3110 1006 3168 ait,
1032 3109 1216 3173 ‘persequutio
1234 3108 1391 3171 ‘l'reptcvim

102 3203 175 3246 mota
199 3202 227 3245 et
250 3193 378 3258 princeps
397 3190 543 3251 liegislaus
567 3191 620 3238 etsi
644 3190 763 3238 edietum
787 3190 988 3239 wormatiense
1012 3192 1040 3239 ia
1063 3192 1229 3241 l'emerania
1251 3191 1392 3242 ordinibus

102 3280 333 3346 promulgaverat,
353 3275 672 3323 tamenexseuutionem
691 3290 744 3324 aon
764 3274 906 3324 ailnrodum
925 3290 1022 3325 severo
1041 3281 1160 3340 augeret,
1181 3275 1391 3326 dehortantibus

103 3381 162 3415 eura
182 3362 331 3413 Valentino
351 3359 507 3408 Stoieatino
531 3365 557 3408 el
577 3359 680 3409 Iacobo
699 3360 832 3409 Webeser
855 3365 882 3409 et
906 3359 969 3409 aliis
992 3360 1046 3425 piis
1069 3376 1102 3410 ae
1128 3360 1243 3410 eruditis
1262 3360 1390 3410 coasilia·

103 3451 163 3512 riis,
189 3449 235 3513 qni
258 3447 395 3512 puriorem
414 3444 567 3493 doctrinam
587 3443 718 3493 amabant
740 3446 823 3494 ete.'''
858 3446 929 3493 Ante
950 3446 1098 3495 liutteaum
1117 3446 1287 3495 Stuieatiaus
1305 3446 1392 3495 Fran-

103 3536 239 3583 eolurtum
258 3532 417 3595 reliquerat,
436 3529 484 3578 sed
503 3529 634 3594 quamvis,
655 3543 714 3578 cam
733 3531 870 3580 liutteaas
888 3529 938 3579 has
957 3531 1091 3592 erorolas
1109 3531 1253 3595 scriberet,
1273 3532 1336 3582 daci
1356 3531 1391 3580 ab

104 3618 230 3685 epistulis
250 3617 345 3676 licerit,
366 3620 462 3680 postea
481 3614 578 3663 itenmr
598 3629 659 3663 cum
672 3614 795 3663 llutteno
808 3614 938 3665 licaoniae
958 3616 1107 3665 studiorum
1125 3615 1216 3666 socius
1236 3618 1327 3666 laetus
1340 3620 1391 3678 est,

104 3709 135 3753 at
153 3701 276 3752 Cochlaei
295 3702 426 3750 licaoniae
449 3700 485 3749 ad
503 3698 736 3748 Pircklieimerum
756 3700 780 3748 d.
794 3699 835 3749 25.
849 3702 930 3750 Mart.
945 3717 970 3751 a.
987 3701 1059 3751 1517.
1073 3702 1140 3752 data
1159 3701 1278 3768 epistula
1301 3707 1391 3751 osten·

103 3790 153 3852 dit,
168 3802 246 3852 quam
260 3787 439 3851 repetivimus
452 3783 534 3836 roll.
547 3800 574 3848 p.
589 3781 646 3834 132.
660 3799 732 3835 uum.
745 3784 842 3833 XLIX.
874 3785 1002 3836 Gratiose
1017 3788 1142 3837 iuvenem
1156 3802 1172 3835 a
1185 3786 1392 3835 l’ircklmimero

105 3877 249 3939 exceptam
269 3872 355 3920 lauisse
380 3870 501 3919 eiusdem
521 3869 643 3918 Coelilmi
667 3868 787 3934 epistula
810 3874 940 3932 testatur,
966 3886 1026 3935 qiam
1050 3872 1173 3920 exliilrita
1197 3875 1239 3919 est
1263 3871 1297 3919 ab
1317 3871 1390 3918 lleu·

104 3974 204 4011 manao
216 3974 241 4022 p.
255 3956 296 4007 2¹2.
333 3954 512 4020 lingealragio
524 3954 707 4003 Stoientiaum
720 3958 860 4004 auctorem
873 3956 967 4018 finisse,
985 3961 1016 4005 nt
1029 3955 1074 4004 ille
1087 3971 1164 4004 aarum
1183 3955 1391 4003 ‘Pomersmiam‘

105 4043 152 4106 (ab
164 4044 250 4091 Hear.
262 4041 424 4090 Baltlrasare
444 4039 595 4104 Gryplrisa'.
611 4055 635 4087 ιι.
653 4036 723 4088 lars.
736 4037 773 4087 4⁰.
787 4038 899 4103 editam)
917 4040 1032 4100 ducibus
1051 4040 1157 4103 ipsique
1175 4038 1328 4087 Steieatiao
1346 4039 1392 4088 de·

106 4130 228 4178 dicatam
246 4130 425 4191 conponeret,
447 4124 604 4173 illubailiius
622 4140 647 4187 p.
661 4121 720 4171 382.
734 4122 848 4186 rettulit,
869 4125 913 4188 qai
933 4125 966 4173 do
984 4125 1038 4175 viri
1056 4125 1115 4174 vita
1135 4124 1167 4172 ad
1180 4122 1341 4187 Klempzeai
1359 4124 1391 4173 li-

106 4213 183 4263 brum
200 4228 253 4262 cora
272 4210 470 4260 Pomaeriunde.
489 4210 583 4259 Strata.
599 4208 721 4258 lill.1l⁰.
735 4225 761 4273 p.
774 4210 832 4258 221.
846 4210 904 4260 225.
917 4209 1035 4260 lectores
1060 4208 1209 4272 ablegavit.
1244 4209 1287 4255 lie
1306 4214 1391 4258 morte

105 4298 159 4348 viri
182 4295 251 4346 nihil
274 4295 341 4345 mlhi
364 4299 487 4355 constat,
511 4293 568 4342 nisi
590 4292 660 4356 quod
682 4292 754 4342 idem
773 4293 1067 4354 ltlolmils.adnotuvit,
1092 4292 1125 4341 de
1150 4291 1233 4341 vidua
1250 4292 1392 4344 Dorothca
1468 4347 1471 4352 ,

107 4382 228 4433 Gliaken
245 4382 274 4429 in
291 4381 362 4430 aaa.
376 4379 473 4428 acadd.
488 4377 543 4441 legi
563 4377 597 4425 ad
616 4392 640 4426 a.
656 4376 729 4427 mas.
783 4376 790 4408 ¹
810 4375 887 4439 ,irim
900 4381 924 4428 l.
944 4381 1005 4442 (pra
1024 4377 1106 4429 dctus
1125 4373 1182 4437 us
1199 4376 1391 4442 udpiuperelur)

105 4470 152 4521 sed
170 4467 242 4516 Hurr.
256 4472 281 4514 ei
299 4472 346 4514 oet.
360 4480 391 4514 ra.
404 4468 430 4511 ia
447 4479 499 4512 meo
517 4470 541 4512 el
562 4463 701 4526 Grppdisw.
715 4464 836 4525 exemplis
853 4478 922 4512 corr.

173 4551 184 4582 ¹
201 4553 338 4613 lacrymas
351 4553 409 4602 2.3.
461 4548 471 4578 ⁰
490 4545 659 4612 iiiiagistram]
680 4546 860 4612 Vigilantiam
875 4546 1053 4595 Bacillarium
1071 4553 1146 4611 puto.
1166 4534 1389 4614 Cf.'v01.1.p.a.

107 4651 133 4700 p.
146 4633 189 4686 43.
201 4636 225 4694 ξ.
239 4632 281 4684 33.
335 4632 353 4665 ¹¹
373 4634 464 4697 sapim
483 4635 506 4681 1.
524 4635 572 4681 sed
587 4639 636 4681 oet.
650 4650 680 4681 m.
694 4636 718 4680 in
734 4632 875 4694 Grypbisuu
895 4638 920 4680 et
937 4647 991 4681 meo
1008 4637 1130 4696 euenum
1147 4648 1216 4682 corr.
1271 4632 1289 4663 ¹¹
1308 4631 1392 4693 Quid·

107 4720 171 4784 quid
190 4723 247 4769 2.3.
300 4717 452 4782 astitoribus
471 4721 491 4765 1.
931 4715 938 4731 ²

1118 4804 1165 4864 3*
