3270 5354
171 359 245 430 41ss
399 389 429 424 Ill
443 388 609 426 ΤΕΝΙΡΕΥΙ
622 388 776 426 RBVOBLIUI
788 387 932 425 ENOOHIO!
944 389 1118 426 naamam
1131 390 1244 426 BYfflll·

170 543 205 594 de
224 543 366 594 celebrato
386 543 528 593 ‘Encomio
540 542 706 606 Reuchlini‘,
727 544 755 593 in
772 543 996 609 perturbationes
1014 559 1175 609 erroresque
1193 544 1259 596 illos
1277 545 1405 596 inductus
1420 547 1453 597 ri·

170 629 258 679 detur.
276 628 353 679 illam
365 626 589 678 Murmellianam
609 627 726 679 ‘laudem
745 627 779 678 de
792 628 954 678 Reuehlino'
973 629 1101 692 inveniri,
1120 644 1268 695 numquam
1288 636 1380 681 sutem
1391 632 1453 682 Mur·

170 712 292 764 mollium
309 713 454 779 Triumphi
473 717 613 764 auctorem
631 713 743 778 probari
761 727 841 778 poseo
859 714 914 763 nisi
932 713 957 762 ei
976 714 1023 778 qui
1040 727 1138 764 nusum
1156 729 1210 767 nou
1228 714 1317 766 babet
1333 722 1406 782 puto.

236 797 393 849 Eleutherii
410 798 516 862 Byneni
541 798 569 847 in
593 798 747 848 encomium
770 796 950 863 triumphanti
969 797 1110 864 Capnioni
1132 796 1314 850 decantatum
1338 801 1373 851 sd
1391 801 1454 866 prin·

171 883 260 949 cipem
282 879 350 949 [sic]
368 899 401 933 ac
425 881 555 948 populum
574 883 772 934 Germanorum
790 881 995 948 praeietionem,
1020 883 1134 933 carmini
1152 890 1338 950 praeeuntem,
1358 889 1387 935 ct
1402 900 1455 950 qua

171 965 260 1018 ‘autor
277 966 463 1034 theologictis’
481 968 510 1017 iu
528 967 581 1017 line
599 966 664 1017 libri
682 967 856 1018 conminatus
869 970 920 1030 est,
939 982 1023 1034 supra
1040 967 1454 1035 (v01.1.n.cn.p.2uo...rts.>

171 1051 352 1102 exhibuimus.
377 1052 405 1101 in
425 1050 523 1117 quibus
541 1051 681 1118 partibus,
704 1056 766 1117 post
789 1068 823 1102 ea
845 1067 905 1116 quae
927 1067 1011 1118 supra
1029 1052 1172 1118 disputata
1194 1061 1273 1117 sunt,
1298 1070 1379 1104 nemo
1396 1055 1452 1104 llut-

171 1137 229 1187 teni
247 1138 417 1203 epigramma
435 1135 637 1202 extemporale,
657 1135 690 1186 de
709 1152 762 1201 quo
780 1135 921 1187 blutienus
940 1136 975 1187 ad
993 1137 1146 1188 Henricum
1162 1138 1308 1190 Urbanum
1328 1144 1357 1189 et
1374 1139 1452 1190 Ecba·

170 1234 234 1270 num
252 1221 371 1272 Hessum
389 1221 501 1287 scripsit
518 1220 813 1286 (v01.1.n.xvm1.)‚
832 1232 863 1273 se
881 1221 1022 1288 possidere
1041 1223 1210 1289 opinabitur.

668 1426 971 1437 ι-----.-.

676 1648 715 1698 IN
737 1647 959 1700 TRIVMPHVM

342 1745 554 1825 IOANNIS
581 1747 852 1828 REVOHLIN
878 1774 989 1826 nmis
1014 1747 1293 1852 OAPNIONIS

399 1887 448 1936 EX
467 1886 639 1938 DEVICTIS
657 1887 927 1940 THEOLOGISTIS
946 1887 1240 1940 COLONIENSIBVS

434 1989 482 2037 ET
499 1989 801 2041 PRAEDICATORVM
819 1990 969 2040 ORDINIS
987 1989 1194 2042 FRATRIBVS

715 2094 922 2153 saccaron

544 2209 867 2287 ELEVTHERII
897 2211 1089 2287 BYZENI

748 2353 878 2397 lucrm.

372 2464 455 2526 Dicet
477 2466 522 2537 lo,
544 2467 569 2527 si
590 2484 623 2529 se
644 2470 724 2530 norit
745 2469 917 2538 Germanic,
940 2469 1018 2531 dicet

372 2566 573 2647 virtutemque
595 2587 678 2630 suern
700 2570 796 2648 dignis
817 2569 1009 2631 concentibus
1031 2576 1142 2649 aequet:

371 2668 448 2731 Ecce
472 2670 702 2750 triumphantem
725 2674 838 2734 excisos
862 2672 1010 2750 Capniene
1033 2671 1180 2749 sophistas

371 2769 408 2830 Et
430 2770 590 2835 debellatos
611 2775 720 2852 recipit
740 2793 793 2836 sua
815 2775 909 2855 patria
932 2776 1055 2843 lralr·es;

346 2872 435 2933 eNcc
456 2880 554 2935 temen
576 2893 635 2936 une
658 2878 749 2955 eupit,
773 2885 880 2956 quante
903 2884 961 2947 cst,
985 2875 1158 2944 Germania,
1181 2879 1299 2952 partem

371 2974 459 3036 Plena
482 2977 537 3036 viri
558 2976 653 3039 delent
675 2985 704 3039 et
724 2977 762 3039 ab
785 2977 842 3038 hoc
863 2975 1021 3056 splendore
1043 2977 1173 3045 nitescit,

370 3076 489 3155 Integer
510 3077 559 3138 ilie
580 3086 678 3139 tamen
701 3081 802 3157 putria}
825 3079 916 3140 redit:
938 3079 1032 3140 abiice
1055 3095 1157 3147 eurus,

370 3178 460 3256 Siqua
483 3178 537 3240 libi
559 3179 629 3241 belli
650 3187 709 3250 cst,
733 3181 794 3242 sive
817 3179 950 3253 esttibi,
974 3180 1105 3251 Phoron,
1127 3177 1266 3258 gerenda
1341 3174 1448 3264 ΙΨ

347 3364 390 3415 Ι)ε
410 3368 480 3416 1...o.
492 3364 556 3416 vide
574 3365 662 3417 ludio.
675 3367 804 3434 bibliogr.
817 3369 933 3419 Hutten.
947 3383 1019 3418 num.
1033 3366 1107 3418 xvl.
1120 3383 1147 3432 p.
1160 3362 1224 3417 26⁸³.
1238 3381 1281 3432 sq.

234 3559 290 3611 Pru
306 3563 404 3612 nomine
421 3559 576 3611 Eleutherii
594 3559 699 3625 Byaeui
717 3557 827 3624 (Biaeni
845 3558 884 3624 2.)
902 3564 928 3609 in
947 3562 975 3610 3.
994 3565 1033 3610 est
1050 3557 1156 3609 Virichi
1174 3557 1210 3608 cb
1223 3557 1292 3612 Hut.
1305 3558 1358 3623 Eq.
1371 3556 1450 3606 uem.

168 3640 211 3692 Cf.
225 3643 279 3695 vol.
294 3646 315 3696 1.
329 3663 354 3713 p.
367 3643 426 3697 236.
441 3645 534 3696 adnot.
549 3643 584 3694 ad
601 3659 627 3696 v.
642 3647 668 3694 3.
709 3644 812 3695 Zenob.
826 3659 938 3710 pardem.
959 3645 1027 3711 epit.
1039 3644 1075 3693 11.
1088 3641 1130 3694 63.
1160 3641 1293 3709 „Bellon
1306 3635 1451 3707 παόᾇησία.

167 3718 215 3778 ἐπὶ
232 3727 289 3781 τῶν
306 3721 419 3796 σφόδρα
437 3723 738 3796 πεπαρρησιασμένων.
756 3719 814 3780 dui
827 3727 949 3791 Βυζίνου
960 3727 1011 3780 τοῦ
1024 3724 1205 3786 Ποσειδῶνος
1216 3722 1291 3794 μετὰ
1303 3725 1453 3792 παρρησίας

165 3802 214 3864 ciel
226 3809 458 3881 dtuleycpisoo''.
477 3815 585 3878 Byaina
597 3813 711 3864 dicendi
724 3813 849 3876 libertas,
868 3814 902 3864 de
915 3814 950 3864 iis
964 3815 1010 3879 qui
1022 3813 1110 3862 libere
1129 3817 1158 3862 et
1170 3812 1291 3878 ingenue
1305 3812 1453 3876 loquuntur,

167 3914 184 3947 a
201 3898 307 3961 Byaino
325 3900 446 3966 Neptuni
464 3899 530 3950 tilio.
553 3896 619 3964 [Pro
637 3896 759 3961 Βυζίνου
776 3900 917 3950 Huttenus
934 3904 1012 3950 recte
1030 3902 1097 3965 puto
1114 3887 1245 3964 Βυζήνου
1262 3896 1369 3964 legisse
1388 3894 1454 3947 vide·

165 3988 222 4044 tur‚
246 3985 288 4034 ita
310 3989 341 4035 ut
358 4000 457 4036 nornen
480 3984 553 4035 idern
572 4000 605 4034 ac
624 3985 772 4049 Byzantia,
790 3975 945 4047 Βύζαντος,
965 3981 1022 4050 sit]
1092 3982 1126 4033 ln
1144 3982 1239 4032 Lhoec
1256 3983 1392 4048 inscriptio
1409 3985 1454 4029 erl:

165 4069 198 4117 Iu
221 4067 399 4134 Triumphum
422 4071 536 4121 loannis
558 4069 709 4129 Reuchlin,
743 4068 813 4121 alias
837 4069 998 4134 Oapniouis.
1074 4066 1082 4100 ¹
1108 4066 1152 4117 Ol.
1166 4066 1238 4117 Ouid.
1252 4071 1306 4116 art.
1320 4082 1375 4117 am.
1387 4065 1424 4116 11.
1438 4061 1454 4110 l·

165 4153 280 4215 „Dicite
306 4153 347 4205 ‘Io
365 4155 458 4205 Peeen'
482 4159 511 4206 ct
530 4154 577 4205 ‘Io’
596 4155 639 4205 bis
662 4154 747 4204 dicite
767 4153 880 4205 ‘Paean’.
916 4152 1092 4205 Germaniam
1114 4151 1228 4203 undem
1251 4166 1315 4204 sese
1339 4164 1453 4208 noscere,

165 4252 342 4304 cognoscere,
363 4255 528 4305 agnoscere,
548 4239 642 4291 oculos
660 4240 786 4305 recipere
805 4239 905 4290 debere
924 4244 953 4290 et
970 4238 1073 4289 similia
1090 4239 1242 4288 innumeris
1260 4235 1333 4287 locis
1352 4236 1454 4286 monent

165 4321 304 4374 Huttenus
326 4329 355 4374 et
372 4325 491 4376 sodales.
561 4322 572 4355 ⁸
590 4323 739 4375 Germania
758 4327 782 4374 1.
852 4321 972 4390 partem]
990 4322 1116 4374 Phorcen
1134 4325 1192 4375 2.6.
1218 4321 1262 4373 Cf.
1275 4321 1411 4388 deplorat.
1429 4319 1452 4368 iu

164 4405 223 4457 Ica.
236 4407 354 4459 Hutteni
372 4410 514 4461 interitum
527 4425 554 4461 v.
563 4407 638 4473 lou,
657 4410 724 4460 item
742 4407 856 4459 lixhort.
876 4407 911 4458 sd
928 4407 1063 4461 Maximii.
1076 4423 1103 4458 r.
1119 4406 1176 4458 171.
1191 4407 1295 4458 edit.1.
1310 4412 1340 4457 et
1357 4404 1410 4458 vol.
1421 4402 1450 4454 Il

163 4507 189 4554 p.
203 4490 245 4542 40.
259 4508 285 4543 v.
299 4493 324 4542 7.
343 4499 451 4559 partem
469 4495 534 4556 viri,
554 4509 609 4544 non
627 4499 714 4545 toturn
733 4491 808 4557 (nam
826 4495 851 4543 is
869 4493 955 4544 totius
973 4492 1092 4543 litterati
1109 4492 1187 4543 orbis
1206 4491 1261 4555 est)
1279 4491 1419 4548 descrens,
1436 4488 1450 4536 i.

165 4590 189 4625 e.
201 4576 255 4626 sibi
273 4592 402 4639 servans,
423 4578 574 4629 Germania
591 4594 654 4630 sese
673 4577 775 4642 explet,
795 4579 814 4628 i.
828 4595 851 4629 e.
865 4579 935 4628 satis
953 4577 1040 4628 habet
1058 4592 1110 4642 quo
1128 4578 1238 4628 fruatur
1256 4576 1317 4628 cius
1336 4572 1450 4640 exemplo

165 4662 193 4707 et
210 4659 336 4711 doctrina
354 4668 436 4728 etque
455 4662 546 4730 gloria
563 4663 649 4714 talem
666 4664 755 4714 virum
772 4663 910 4731 genuisse.
957 4660 1102 4730 'Integer]
1115 4663 1212 4713 Victor
1228 4661 1316 4726 redit,
1335 4676 1388 4712 non
1405 4659 1449 4709 dis·

168 4749 279 4811 cerptus
292 4747 327 4795 ab
341 4747 466 4797 hostibus
479 4746 664 4813 theologistis.
717 4747 727 4780 Β
746 4749 877 4799 humata
893 4749 1047 4828 marpinalic
1058 4751 1133 4863 galla
1150 4747 1245 4799 hubent
1258 4751 1285 4798 4.
1294 4752 1317 4798 7.
