3270 5354
163 341 236 415 ²32
363 370 486 406 avenant
499 369 535 403 ΔΙ)
547 368 681 403 GESARB!
694 366 905 402 ttaxtrttnrnrtvrt
918 365 1139 402 ΒΡΙΟΙΔΙΙΔΠΙ
1152 365 1248 401 lam..

364 524 474 586 Plaude
496 522 615 603 quidem
639 539 834 600 pompamque
848 539 930 609 ‘nora
954 520 1112 583 uictoribus
1134 521 1213 589 istis,

340 645 352 686 ⁴
451 626 488 686 Et
508 625 643 686 dominos
666 623 763 687 Gallos
785 625 829 684 ler
852 623 1044 703 dominosque
1066 641 1152 685 noea:

367 728 476 791 Verum
497 727 570 788 alios
591 726 723 787 Francos
745 724 801 787 alio
824 726 981 788 Germania
1003 723 1107 804 plausu

448 830 513 891 llen
536 847 639 890 vereor
660 846 698 889 ne
719 835 748 888 te
769 845 828 888 non
851 827 987 907 cupiente
1008 825 1096 888 dabit

304 1013 353 1074 66.
443 1016 493 1066 De:
512 1014 706 1065 CONVENTV
724 1012 946 1064 BONONIENSI
963 1014 1012 1064 ΑΙ)
1031 1012 1173 1065 ITALOS.

366 1135 441 1208 Quid
458 1142 486 1195 te
501 1133 589 1204 adeo,
605 1151 700 1211 genus
714 1152 783 1195 acre
800 1134 908 1205 vuum,
924 1133 995 1212 quid
1010 1143 1054 1205 te,
1070 1131 1141 1195 ltale
1157 1149 1292 1212 pugnax,

450 1237 488 1297 lli
510 1235 617 1314 passim
641 1235 761 1313 plausus
781 1237 895 1314 istaque
918 1252 1026 1315 pompa
1048 1235 1164 1297 iuranti

366 1339 432 1402 Nou
455 1356 581 1416 quorum
605 1337 734 1415 adspirat
756 1339 851 1415 primo
873 1338 990 1400 lortuna
1012 1335 1108 1399 labori
1144 1379 1147 1385 -

340 1461 353 1502 a
452 1441 598 1501 Continuo
620 1439 719 1500 invicti
741 1439 858 1500 roboris
880 1457 944 1501 esse
966 1445 1046 1518 puta.

366 1542 501 1620 Fregerit
521 1540 667 1602 Helvetiae
689 1543 836 1604 Germano
859 1540 949 1602 milite
974 1543 1049 1602 vires

451 1642 565 1713 Gallus,
589 1643 625 1703 ab
648 1644 772 1721 imperio
793 1644 901 1705 Stortia
924 1643 1082 1711 deciderit;

366 1746 418 1808 Ast
439 1765 494 1825 ego
516 1747 629 1806 venturi
652 1752 730 1806 vates
752 1764 817 1813 ero.
842 1745 953 1806 credite
976 1746 1046 1806 eati:

341 1869 354 1911 s
453 1848 526 1911 Cum
550 1850 647 1908 veniet
668 1849 780 1917 Cesar,
803 1848 900 1909 omnia
922 1847 1019 1909 Cesar
1041 1855 1137 1909 erunt.
1246 1926 1250 1931 ι

305 2032 352 2095 67.
509 2033 513 2040 “
684 2035 733 2084 DE
752 2034 934 2084 FORTVNA.

367 2155 431 2217 lluc
454 2172 546 2223 nunc,
571 2154 630 2216 liue
651 2154 752 2217 oculos
774 2157 955 2233 patentiores

367 2257 404 2317 Et
425 2257 532 2318 mentis
553 2274 641 2333 grave
663 2255 791 2333 dirigant
812 2274 936 2319 acumen

365 2357 462 2437 Reges
484 2365 513 2419 et
533 2357 635 2437 populi
658 2358 807 2437 ducesque
828 2376 945 2419 rerum:

368 2460 439 2522 Gom
463 2459 551 2523 Gallis
573 2459 700 2523 Venetos
722 2459 926 2538 superbientes

342 2563 477 2625 eGontra
501 2580 560 2622 non
584 2561 655 2622 nihil
677 2561 836 2624 insolenter
858 2581 946 2623 ausos

367 2663 539 2742 Oblitosque
561 2667 607 2726 sui
629 2683 747 2744 suaeque
770 2665 857 2725 sortis

368 2765 443 2827 Vicit
464 2766 561 2827 Gaesar
584 2774 612 2827 et
634 2767 670 2827 ad
692 2765 764 2827 nibil
787 2766 910 2843 redegit.

367 2869 439 2942 Quis
460 2885 540 2929 nunc
562 2868 698 2929 lortuitos
720 2869 858 2946 opinione

366 2969 586 3049 amplexabitur
609 2971 702 3032 exitus
724 2972 857 3050 sequaci,

269 3107 273 3114 ›
331 3093 355 3134 ro
371 3076 427 3134 dut
449 3072 528 3150 quod
551 3090 616 3132 sors
639 3073 752 3134 dederit
773 3080 871 3134 ratum
895 3072 1025 3151 putabit?

368 3173 438 3245 duis
460 3193 539 3236 nnnc
561 3175 672 3235 divitias
695 3176 914 3253 potentiamque

367 3276 405 3338 Ut
426 3284 539 3337 certum
562 3278 651 3347 leret,
675 3283 707 3336 ut
728 3294 873 3356 suumque
896 3277 1002 3339 ducet?

367 3379 505 3440 Fortunae
528 3398 617 3457 vagus
640 3386 685 3440 est
705 3378 837 3458 levisque
859 3386 962 3447 nutus,

368 3480 502 3541 lacertus
524 3482 604 3542 lavor
627 3488 656 3542 et
678 3489 750 3540 rotae
772 3480 894 3541 minaeis

233 3768 275 3820 65.
306 3767 415 3836 lalios]
434 3785 489 3820 non
508 3769 677 3837 Sequanicos
696 3770 745 3822 aed
763 3770 914 3822 orientales
933 3786 948 3821 e
966 3770 1124 3822 Franoonia
1143 3771 1315 3833 Germanias,
1341 3772 1453 3822 Hutteni

165 3855 265 3921 patria.
318 3854 329 3886 ⁸
346 3855 432 3906 dabit.
446 3872 537 3907 earnes.
557 3856 593 3905 el.
608 3858 694 3924 epigr.
708 3854 749 3908 63.
764 3871 790 3907 v.
803 3857 827 3909 4.
846 3855 944 3922 (pellet
960 3872 1008 3921 pro
1026 3855 1134 3922 pellat.)

234 3938 275 3990 66.
305 3941 338 3992 In
356 3941 404 3991 xl.
417 3941 442 3990 2.
456 3941 504 4001 (οἱ.
519 3941 555 3991 ad
573 3943 659 4008 epigr.
673 3941 716 3993 65.
730 3942 835 4005 adnot.)
854 3941 1029 3992 inscribitur:
1048 3942 1091 3992 De
1108 3941 1213 3993 Eodem
1230 3937 1377 4007 [Camena
1391 3943 1455 3993 Galli

167 4032 192 4074 ac
210 4022 321 4091 hecub]
338 4026 379 4075 Ad
397 4024 491 4076 Italos.
549 4025 685 4092 ⁸aspirat
703 4031 726 4077 1.
791 4027 802 4060 l
820 4027 864 4077 Cf.
878 4028 965 4092 epigr.
978 4025 1019 4076 et.
1034 4030 1063 4076 et
1081 4025 1116 4077 ad
1134 4041 1192 4092 seq.
1207 4027 1296 4093 epigr.
1311 4027 1453 4080 adnotata.

234 4109 276 4161 67.
306 4113 374 4162 Post
396 4111 486 4162 loedus
509 4113 583 4162 inter
602 4112 697 4163 Gallos
714 4112 890 4178 Venetosque
913 4112 947 4162 da
971 4111 1135 4178 reparandis
1156 4112 1264 4163 damnis
1283 4118 1454 4166 contractum

168 4195 218 4257 illi,
239 4211 351 4262 quorum
368 4212 463 4263 regem
480 4197 568 4248 lulius
579 4199 610 4248 P.
623 4198 670 4257 tt,
688 4213 743 4249 non
761 4199 802 4248 ita
821 4197 902 4264 longe
920 4203 983 4265 post
999 4197 1152 4259 decedens,
1176 4196 1316 4264 dignitate
1334 4214 1386 4250 aaa
1403 4200 1454 4265 pri·

168 4287 261 4332 vatum
280 4281 486 4345 declaraverat,
512 4285 665 4333 exereitum
684 4298 784 4335 novum
802 4283 838 4334 ad
856 4284 1073 4349 recuperandum
1090 4281 1225 4333 Insubriae
1244 4283 1390 4350 imperinm
1407 4285 1455 4336 mi·

167 4371 270 4418 serunt.
305 4367 491 4418 Mediolanum
514 4372 543 4418 et
565 4368 704 4440 pleraeque
727 4369 844 4420 ducatus
866 4369 950 4421 nrbes
969 4367 1058 4420 Gallis
1081 4367 1270 4431 accedebant,
1294 4370 1342 4434 qui
1364 4375 1455 4421 tanam

167 4450 342 4503 dieb.1unii
361 4469 386 4503 a.
403 4452 474 4504 tata.
494 4452 529 4503 ad
547 4453 696 4504 Novariam
715 4454 749 4504 ab
768 4453 894 4505 Helvetia
912 4452 1102 4504 Maximiliano
1121 4452 1233 4504 Stortioe
1257 4454 1454 4506 accedentibus

166 4537 237 4587 vieti
254 4537 490 4588 Mediolanensem
509 4538 638 4589 ducatum
657 4544 689 4589 ut
705 4538 894 4605 relinquerent
911 4539 1009 4590 iterum
1029 4539 1140 4589 fuerunt
1162 4539 1265 4590 eoacti.
1301 4538 1451 4593 Continua-

167 4621 248 4671 batur
266 4623 350 4672 etiam
368 4622 469 4673 bellum
487 4623 560 4674 inter
572 4624 766 4690 imperatorem
779 4630 807 4675 et
819 4625 940 4675 Venetos
953 4629 981 4674 et
992 4623 1111 4674 Patavio
1123 4622 1191 4674 licat
1202 4622 1309 4677 frustra
1321 4630 1456 4694 temptata

168 4705 197 4755 hi
214 4706 294 4757 nonis
312 4706 478 4758 Octobribus
491 4706 527 4758 ad
543 4707 721 4759 vincentiam
741 4710 816 4760 eaesi.
836 4709 925 4785 §trum
940 4711 969 4760 in
986 4708 1097 4761 Maxim.
1111 4709 1134 4760 Ι.
1148 4710 1172 4772 5.
1188 4723 1234 4759 xr..
