3270 5354
141 374 280 411 anunm
293 374 396 411 ursam
410 375 572 411 ruivunnvs
586 374 724 411 necaoare
739 375 880 411 nevcumu
896 375 1142 411 s.10i.eaemou1s
1155 374 1307 411 aucouien.
1327 344 1401 418 429

312 529 348 590 llt
370 530 440 591 nibil
463 529 632 609 inquirens,
649 538 763 592 versata
786 533 815 590 in
838 530 927 591 sorde
949 529 1078 607 lutoque.

310 631 393 693 llanc
415 633 512 711 primo
535 649 663 712 posuere
685 631 761 693 loce.
786 632 868 692 sedet
890 650 958 692 arce
981 632 1109 693 secunda

310 731 429 794 Rustica
451 733 623 803 Barbaries,
648 740 706 795 tota
730 751 849 812 aspera,
873 740 932 794 tota
955 731 1088 802 rebellis,
1278 742 1402 812 tronea.

311 834 453 904 Horrida,
476 833 554 906 vilis,
578 844 678 906 atrox,
702 842 870 915 contempte
892 834 1010 899 sordida
1033 834 1130 904 cultu,

260 957 299 997 eae
314 936 417 999 Omnis
439 937 590 998 munditiae
613 938 728 1016 fugiens
751 939 925 1016 fugiensque
948 937 1066 1006 niteris,

314 1038 404 1100 Muta
427 1037 517 1109 nibil,
540 1037 612 1099 nibil
635 1038 756 1101 urbanis
779 1057 811 1100 se
834 1038 966 1099 moribus
988 1046 1107 1118 aptans,

314 1139 461 1219 Neglectae
483 1142 607 1202 rationis
630 1158 720 1218 egens
742 1148 799 1202 stat
822 1149 943 1220 pectore
965 1158 1082 1210 crasso,

214 1260 218 1267 ·
312 1243 383 1303 Fert
403 1241 529 1304 sublime
552 1250 654 1321 caput,
679 1241 827 1322 perplexae
849 1245 878 1303 in
900 1244 1009 1303 vertice
1031 1259 1137 1320 vepres

312 1344 483 1425 imperique
506 1343 589 1414 rubi,
613 1351 733 1424 totoque
756 1347 784 1405 in
809 1362 935 1424 corpore
957 1351 1072 1413 sentes,

262 1464 300 1504 ue
314 1444 346 1507 ln
369 1438 431 1507 toto
453 1444 580 1507 stimuli:
605 1464 746 1507 manuum
768 1454 837 1507 sunt
859 1465 939 1507 arma
963 1445 1131 1525 pedumque

313 1546 452 1609 Eataetes
473 1547 621 1627 solidique
643 1558 672 1610 et
695 1555 788 1608 aentae
810 1549 940 1628 cuspidis
962 1566 1093 1626 ungues,

313 1648 349 1709 lit
371 1657 552 1711 mucronato
574 1652 685 1711 circum
709 1652 770 1712 iera
794 1658 913 1730 pectora
936 1651 1047 1728 spinae;

314 1749 372 1812 Ora
394 1752 452 1812 situ
474 1750 635 1830 squallent,
660 1754 688 1812 in
712 1752 801 1812 olenti
825 1762 868 1813 est
890 1769 1010 1829 squama
1033 1750 1146 1829 palate,

313 1851 453 1915 Plumbca
477 1852 575 1932 lingua
599 1856 713 1922 laeens;
737 1873 769 1914 ea
794 1854 856 1915 dira
880 1851 1044 1914 inamabilis
1067 1851 1144 1912 ultre

263 1972 301 2012 ns
315 1954 376 2016 Nec
397 1972 567 2035 quenquam
591 1963 674 2016 vocat
697 1967 726 2016 et
747 1954 818 2016 nulli
841 1974 873 2015 se
896 1956 1056 2033 adiungere
1079 1961 1186 2015 certat:

314 2055 406 2118 Sacra
428 2057 490 2118 deae
513 2058 599 2136 primi
622 2056 723 2120 laeiles
746 2058 843 2120 iecere
866 2057 1019 2136 Sopliistae.

314 2156 412 2219 Tertia
434 2161 465 2219 in
488 2166 622 2220 extructo
644 2159 727 2221 sedet
748 2160 915 2237 Ignorantia
939 2158 1029 2227 lecto,
1269 2160 1401 2239 irruerunt·-

315 2259 482 2337 Languida,
506 2260 606 2331 deses,
631 2263 726 2330 iners,
750 2268 779 2320 et
801 2261 892 2323 obeso
914 2260 1038 2338 ingloria
1062 2268 1179 2327 ventre,

313 2359 494 2440 lmpetnosa‚
515 2381 620 2433 verax,
644 2381 762 2441 semper
784 2363 869 2433 levis,
893 2362 973 2423 ebria
996 2380 1127 2442 semper,

263 2483 301 2524 uo
316 2464 407 2540 Digna
431 2463 516 2534 odio,
541 2465 695 2535 deformis
720 2464 826 2536 bobes,
851 2466 948 2534 rudis,
972 2467 1069 2526 emnia
1090 2467 1216 2529 iactans;

315 2564 379 2627 Non
402 2585 504 2636 aures,
529 2585 587 2627 nen
611 2566 659 2627 illa
682 2566 784 2628 oculos
806 2567 910 2637 babet,
935 2569 1026 2628 utitur
1049 2585 1105 2627 una

314 2666 383 2729 Plus
405 2670 495 2731 nimio
517 2668 632 2747 lingna,
655 2670 723 2730 sinit
745 2688 797 2729 ora
820 2668 940 2749 expelere
963 2669 1087 2730 lerinam

315 2768 399 2831 Utilia
424 2770 596 2849 ingluviem,
620 2769 733 2831 nullum
757 2779 798 2831 est
823 2773 853 2829 in
875 2771 972 2831 trente
994 2769 1166 2839 cerebrum,

316 2870 419 2932 Nullus
442 2874 519 2934 inest
540 2891 660 2943 sensus,
685 2871 819 2934 manibus
842 2871 1024 2951 pedibusque
1047 2877 1169 2948 vagatur

263 2993 301 3033 aas
317 2972 480 3042 lneertum,
503 2975 635 3036 tenebris
657 2975 778 3054 gaudet,
802 2975 952 3053 riirtritqne
975 2972 1120 3052 prelnnda

315 3073 465 3136 Obscuros
488 3078 518 3135 in
541 3084 628 3138 nocte
652 3079 747 3147 viros,
770 3077 847 3156 gerit
869 3075 973 3136 ordine
996 3075 1076 3136 nulle

314 3174 373 3237 lies
394 3176 536 3256 nulloque
557 3179 662 3248 medo,
685 3197 763 3258 sapie
786 3180 849 3240 baec
872 3177 928 3238 sibi
950 3174 1083 3256 displicet
1105 3177 1176 3254 ipsi,

315 3277 496 3358 Miraturque
519 3282 610 3351 vires,
634 3283 701 3360 qui,
725 3282 803 3359 qued
826 3299 878 3341 sna
902 3278 1021 3340 numina
1044 3278 1181 3347 adorent,

316 3382 472 3461 Accipiunt
493 3381 592 3443 titulos
615 3383 751 3462 dor-tique
775 3385 803 3442 in
826 3381 913 3461 plebe
936 3388 1085 3460 putantur.

265 3500 304 3541 see
318 3483 427 3553 Quarta
450 3482 516 3544 loco
537 3486 645 3546 misera
669 3485 778 3545 invidia
802 3493 861 3554 est,
884 3485 1052 3563 turpissima
1076 3500 1194 3550 rerum,

319 3584 382 3645 Nee
405 3585 541 3663 despecta
563 3593 678 3656 umen,
703 3587 755 3648 sed
778 3585 856 3647 culta
880 3586 1085 3664 frequentibus
1107 3587 1182 3653 aris,

319 3685 491 3748 llemminioi
513 3690 610 3766 primo
633 3689 791 3765 dignantur
814 3688 926 3748 itenere
949 3686 1078 3756 sodalem

318 3788 382 3866 lpsa
405 3789 575 3850 ascendenti
597 3790 699 3850 similis
721 3808 930 3869 summumque
953 3792 1064 3869 petenti

318 3889 428 3960 Torva,
452 3892 565 3960 minax,
589 3891 769 3962 truculenta,
793 3894 909 3961 furens,
934 3894 989 3953 nisi
1012 3890 1089 3970 pelle
1112 3898 1227 3969 tegatur

266 4011 305 4053 ies
321 3990 430 4063 Ossea,
454 4010 553 4054 macra
575 4012 682 4072 genas,
706 3993 841 4073 neglecto
864 3993 971 4073 pallida
994 4011 1114 4060 somno,

154 4212 214 4245 '⁴⁸¹
234 4212 383 4277 inquirent,
404 4220 459 4265 Li.
512 4211 546 4246 ⁴⁸⁵
563 4214 710 4265 mundieiae
730 4218 790 4265 Η.
842 4212 875 4247 ⁴³⁸
893 4216 985 4265 Fert.
1039 4211 1072 4246 ¹⁸³
1091 4213 1160 4263 Orto
1179 4217 1204 4262 ⁷.
1257 4211 1410 4263 inolentid.

141 4297 314 4363 ’Languida
333 4303 359 4349 3.
413 4298 499 4350 obesa
517 4303 571 4349 Μ.
626 4300 655 4348 iu
673 4298 763 4364 glorie
784 4305 806 4348 7.
860 4297 892 4331 ⁴⁵²
911 4297 987 4360 sinit]
1006 4304 1070 4348 suist
1088 4302 1144 4347 Μ.
1199 4312 1244 4347 ore
1265 4301 1288 4348 1.
1304 4301 1409 4348 3...5.7.

141 4381 196 4432 'in
216 4387 239 4431 1.
306 4384 412 4447 geritur
430 4387 455 4433 2.
520 4381 553 4415 ⁴⁵⁹
571 4383 661 4449 pltelro
683 4388 738 4433 t.2.
804 4383 837 4416 ⁴⁶⁰
856 4385 961 4446 Quarto
980 4384 1009 4432 iu
1027 4382 1088 4433 loco
1107 4382 1208 4430 misere
1226 4382 1332 4431 invidie
1352 4386 1409 4432 et.

141 4467 333 4525 necteretur,
352 4469 396 4533 qui
411 4470 495 4532 primo
512 4471 632 4532 extenplo
650 4484 699 4517 nea
718 4472 793 4529 nouit,
814 4469 945 4517 adnotarent
964 4467 1099 4530 „Putavit
1116 4467 1256 4516 Huttenus
1274 4465 1410 4530 syllabam

141 4554 161 4602 ι’
180 4567 262 4618 posse
283 4553 398 4618 corripi:
418 4553 484 4617 quie
502 4567 652 4603 concursus
670 4553 881 4603 consonantium
900 4551 1056 4601 litterarum
1075 4566 1129 4600 non
1148 4553 1292 4613 existeret,
1311 4552 1411 4600 nisiex

141 4641 192 4687 ‚uta
210 4642 240 4687 et
258 4635 364 4701 liquide
381 4637 567 4689 NetL.sed
586 4639 705 4688 cinerei
724 4638 850 4687 idoneum
870 4643 1010 4687 erratorem
1030 4653 1084 4686 non
1102 4636 1214 4686 linbet‘X
1266 4634 1299 4666 ⁴⁸²
1317 4636 1410 4686 Domi-

141 4721 174 4773 ἰοί
190 4725 217 4772 4.
