3270 5354
161 375 253 412 BHM*-
264 374 406 412 vitatoriis
417 375 523 410 CYHBBI
534 373 636 411 aveant
647 373 682 409 DE
693 371 1343 409 exvsr.u1naon.1,vrrtntt1sacraviensattcrott.
1380 341 1450 414 461

161 535 237 592 viros
261 534 289 590 in
311 542 451 608 capturam
475 533 574 608 praela
598 531 697 589 italica
720 531 861 588 abducere.
895 530 971 599 Quod
995 531 1114 586 innueris
1142 549 1156 586 a
1179 529 1388 588 llomaaaensium
1411 532 1514 592 alc-§.a

161 636 278 676 cumano
306 626 427 693 gygante
458 619 608 674 iniunctum
637 626 667 673 ut
695 615 855 690 diligentius
883 626 910 672 et
938 634 1002 672 cura
1030 616 1133 671 maiore
1161 627 1326 689 exequatur,
1363 634 1457 674 enarres

162 704 339 779 impudentiae
368 701 440 759 laxat
469 703 601 766 habenas,
636 703 719 758 nullis
743 702 883 758 fraudibus
911 701 1035 775 dolisque
1064 701 1115 756 hoc
1143 709 1301 774 portentum
1329 702 1456 764 abstinet,

162 789 196 845 ad
218 787 367 844 fallendum
389 787 553 863 simplicium
582 797 686 844 mentes
709 788 845 862 impendio
869 788 961 843 audax.
995 789 1030 842 ht
1053 785 1117 859 quid
1140 803 1195 842 non
1218 787 1344 850 auderet,
1373 786 1456 843 semel

163 874 262 930 amissa
286 874 443 935 honestate,
481 873 647 930 nebulonum
671 872 789 936 malicia,
825 873 870 946 qui
895 889 1010 945 apameiae
1033 871 1114 927 etiam
1136 872 1292 945 nephanda,
1327 872 1373 928 uhi
1393 890 1456 947 spes

164 956 305 1015 refulserit
326 959 441 1020 nummi,
469 967 578 1032 patrare
601 976 656 1013 non
679 959 822 1013 recreant?
846 957 900 1013 lloc
916 966 958 1013 est
975 957 1046 1012 istud
1067 955 1144 1012 ulcus
1161 956 1235 1030 quod
1252 957 1324 1029 tangi
1341 956 1456 1019 nollent,

162 1044 207 1099 cui
231 1040 388 1098 novaculam
412 1041 473 1098 addi
496 1061 576 1116 posse
599 1052 714 1116 negant:
745 1044 853 1116 qiioties
877 1043 947 1096 euim
972 1041 1070 1114 aliquis
1094 1043 1216 1115 ipsorum
1243 1042 1383 1098 avariciam
1411 1044 1457 1098 da·

164 1135 240 1183 mnat
262 1136 310 1183 ant
332 1135 405 1184 recta
422 1145 548 1183 revocare
564 1128 718 1188 contendit,
743 1126 785 1184 hic
808 1127 934 1200 protinus
958 1126 983 1180 in
1006 1125 1147 1182 ecclesiam
1170 1135 1213 1182 est
1236 1126 1349 1201 impius,
1374 1128 1456 1184 sacri·

165 1211 245 1285 legus
274 1220 301 1268 et
323 1212 412 1285 siquid
436 1211 492 1268 ullo
516 1213 624 1268 nomino
647 1213 725 1287 peius
748 1211 836 1273 audit,
866 1202 999 1267 iam‘non
1023 1211 1205 1272 Christianus,
1235 1211 1282 1267 sed
1311 1211 1455 1268 hereticus

151 1296 360 1353 'conclamatur
392 1297 494 1370 llignus
522 1299 677 1371 proscissor
703 1296 849 1359 hleander‚
880 1297 925 1369 qui
955 1295 1123 1369 pedicatores
1146 1296 1292 1352 monachos
1320 1296 1455 1358 deleudat.

164 1390 193 1437 et
220 1380 332 1454 flagitiis
359 1380 522 1438 fabricandis
551 1383 672 1443 adiuret,
700 1383 727 1437 in
761 1383 787 1437 id
817 1380 925 1456 quidem
954 1382 1036 1437 homa
1065 1395 1152 1453 usque
1180 1389 1308 1437 evocatus
1338 1382 1453 1438 advenit.

165 1482 281 1540 quorum
305 1464 410 1522 malicia
439 1474 467 1522 et
489 1466 705 1541 inquinatissima
729 1483 834 1522 moram
858 1466 942 1521 libido
970 1467 1020 1521 toti
1044 1466 1143 1521 arundo
1167 1466 1311 1539 negocium
1333 1467 1386 1522 iam
1409 1467 1454 1523 diu

164 1551 243 1613 lecit,
267 1550 402 1606 neminem
424 1567 479 1606 non
503 1551 637 1625 prodidit,
661 1549 785 1612 violavit,
809 1551 916 1606 devovit
932 1559 959 1607 et
975 1551 1122 1606 interemit.
1147 1550 1173 1604 in
1198 1568 1265 1624 quas
1288 1551 1455 1626 respublicas

164 1636 290 1711 pessimis
312 1635 417 1691 artibus
439 1652 499 1691 sese
522 1652 576 1691 nou
600 1636 763 1691 insinuavit?
787 1653 847 1708 epure
870 1653 966 1708 regna.
990 1635 1035 1690 ubi
1059 1635 1204 1708 aliquando
1226 1636 1319 1692 nidum
1342 1653 1455 1712 suspen·

151 1720 229 1776 'idere
250 1720 349 1794 caepit,
372 1737 427 1776 nou
450 1729 567 1776 extreme
589 1720 735 1777 commovit
763 1738 794 1776 ac
816 1721 1021 1777 seditiosissime
1045 1720 1178 1775 turbavit?
1211 1737 1281 1795 quos
1308 1723 1454 1796 principes,

163 1820 244 1879 reges
266 1804 442 1879 Cesaresque
464 1804 534 1861 male
557 1806 697 1861 tractando
721 1823 774 1861 non
799 1805 907 1861 infecit?
935 1807 1011 1861 cuius
1035 1805 1161 1860 familiam
1184 1822 1239 1861 non
1262 1810 1386 1882 corrupit
1407 1816 1454 1863 aut

162 1886 260 1946 saltem
282 1889 457 1946 sollicitavit?
478 1889 548 1946 Nihil
571 1890 696 1964 prolecto
720 1890 753 1946 ab
776 1891 873 1946 hornam
889 1889 987 1946 salacia
1003 1907 1101 1964 purum
1117 1907 1276 1963 permanere
1291 1892 1337 1948 diu
1352 1900 1452 1966 potest.
1465 1904 1482 1953 t.
1494 1907 1510 1951 a.

162 1972 230 2030 diris
257 1973 365 2031 devovit
394 1973 459 2031 olim
488 1973 702 2050 Templariorum
732 1977 876 2032 factionem
899 1975 1021 2031 Clemens
1043 1975 1171 2048 quintum
1203 1976 1275 2049 quod
1303 1978 1326 2033 si
1355 1977 1453 2033 horum

162 2058 244 2115 vitam
266 2076 328 2115 cum
351 2058 460 2116 illorum
483 2059 606 2116 moribus
628 2061 815 2122 conferamus,
845 2061 872 2116 hi
901 2079 932 2116 ex
962 2060 1034 2116 omni
1067 2069 1200 2117 terrarum
1230 2059 1297 2117 orbe
1318 2062 1453 2135 proscribi

151 2143 247 2217 alonge
281 2161 362 2217 quam
392 2142 433 2200 illi
459 2145 598 2218 digniores
626 2145 811 2202 invenientur:
847 2146 893 2201 sed
921 2146 1004 2202 altius
1032 2162 1111 2218 (paam
1140 2153 1171 2201 nt
1199 2144 1278 2201 evelli
1300 2146 1358 2203 haec
1379 2145 1455 2202 falles

162 2228 266 2303 possit,
300 2227 392 2285 telluri
416 2230 527 2292 insedit,
556 2229 632 2286 nullo
655 2230 794 2304 peniculo,
825 2231 871 2286 sed
895 2230 1013 2286 rastellis
1041 2237 1067 2286 et
1097 2228 1236 2303 ligonibus
1264 2230 1454 2304 abstergenda,

162 2330 196 2369 ne
225 2328 291 2387 pars
320 2330 432 2389 syncera
463 2314 516 2371 hoc
546 2324 646 2389 putore
675 2315 774 2372 inlecta
802 2318 828 2371 in
858 2316 1039 2389 praecipitium
1067 2314 1235 2371 demittatur.
1273 2314 1353 2382 Quis,
1383 2315 1454 2371 lione

161 2396 284 2460 Christe,
318 2415 350 2454 ea
376 2398 480 2456 seelera
508 2416 562 2456 nou
591 2400 703 2456 auderet
725 2399 833 2456 volvere
856 2409 883 2456 et
911 2402 969 2456 sinc
993 2394 1104 2475 ingerilti
1128 2400 1309 2474 trepidatione
1331 2402 1454 2474 cogitare

161 2483 259 2545 modo,
289 2500 351 2557 quae
373 2484 539 2558 impostores
568 2485 613 2541 isti
636 2485 767 2559 perlicere
791 2502 846 2541 non
869 2494 1008 2542 verentur:
1039 2503 1102 2542 nuru
1126 2484 1252 2542 llonianae
1275 2486 1347 2541 sedis
1369 2485 1455 2560 lmpe-

151 2574 283 2624 »retorem
312 2567 476 2632 sustollere,
504 2578 546 2632 et,
580 2570 653 2642 quod
675 2569 762 2626 inulto
786 2571 906 2627 omnium
934 2569 1192 2632 horrendissimum,
1223 2571 1249 2625 in
1279 2579 1454 2627 sacrosancto

160 2653 334 2709 eucharistiae
356 2663 527 2710 sacramento
550 2655 640 2710 toxico
662 2655 695 2710 de
717 2655 804 2711 medio
828 2654 938 2711 auferre
961 2656 1018 2712 arisi
1035 2655 1116 2710 sunt?
1147 2653 1212 2721 Quis
1236 2656 1352 2711 inomni
1375 2663 1454 2712 aetate

161 2737 284 2794 atrocius
315 2737 447 2811 flagitium
477 2757 594 2813 unquam
623 2739 725 2795 audivit
753 2757 833 2813 quiam
868 2739 940 2813 quod
963 2740 1106 2796 Beruensis
1136 2740 1247 2797 hamma
1275 2748 1385 2796 sanctus
1408 2738 1453 2794 ille

162 2821 234 2896 ignis
256 2821 327 2879 caelo
350 2823 441 2880 ultore
464 2825 595 2897 expiavit?
631 2833 661 2880 ut
683 2823 870 2880 Florentinum
893 2824 997 2880 lacinus
1019 2832 1047 2880 et
1069 2822 1143 2879 mille
1166 2825 1224 2880 eius
1247 2825 1356 2896 generis
1372 2825 1453 2880 etiam

161 2913 279 2969 taceam,
310 2924 370 2980 qua
393 2926 454 2965 cum
477 2906 601 2983 epistolae
624 2909 752 2983 prohibet
776 2909 906 2970 brevitas,
937 2917 992 2965 tum
1017 2908 1160 2964 memorari
1192 2924 1301 2981 quoque
1323 2908 1452 2964 abhorret

151 2992 278 3048 »animus
308 3008 391 3048 unum
421 2994 488 3055 hoc,
516 2992 589 3067 quod
616 3010 711 3050 reeens
738 3002 765 3049 et
795 2994 881 3049 adbuc
908 3010 1041 3066 nuperum
1072 3000 1128 3053 est,
1162 2993 1240 3049 cuius
1269 2994 1357 3066 gratia
1385 2993 1454 3049 hanc

161 3074 305 3150 epistolam
327 3077 499 3151 potissimum
522 3077 641 3134 scribere
664 3079 810 3152 adgressos
833 3096 906 3139 suin,
943 3086 1047 3133 tantum
1077 3077 1240 3140 recensebo,
1268 3085 1300 3132 ut
1328 3078 1452 3150 qriisque,

160 3160 204 3217 eui
226 3161 368 3218 cerebrum
392 3162 479 3225 inest,
510 3162 583 3219 clare
607 3165 744 3219 intueatur
767 3181 846 3236 priam
870 3163 1014 3236 impiorum
1038 3161 1091 3218 hoc
1112 3178 1200 3234 genus
1223 3162 1356 3218 obeundis
1378 3161 1452 3218 laho-

161 3244 250 3308 ribus,
276 3246 376 3321 quibus
399 3246 556 3306 Christianae
579 3249 737 3321 synceritati
761 3250 894 3322 irriponat,
918 3247 1143 3320 patientissimum
1170 3247 1214 3302 sit.
1239 3250 1271 3301 ht
1293 3247 1509 3311 comendamus,

160 3426 259 3491 Bullia,
277 3428 423 3495 Principes
440 3431 514 3481 viros
531 3430 560 3480 in
579 3433 719 3496 captivam
737 3446 812 3497 spem
831 3430 931 3496 praedae
949 3457 983 3466 —
1000 3457 1032 3466 -
1052 3430 1087 3480 ab
1100 3430 1222 3481 Romano
1241 3430 1392 3480 iniunctum
1411 3431 1452 3496 gi·

151 3518 262 3579 igante,
280 3518 311 3563 ut
329 3514 496 3566 commodius
515 3520 679 3580 exequatur,
698 3542 732 3551 —
751 3544 782 3552 -
801 3516 952 3578 fraudibus,
972 3515 1125 3567 mendaciis
1144 3515 1267 3565 abstinet
1284 3514 1376 3565 nullis.
1406 3515 1453 3565 Ni·

159 3598 243 3648 mium
261 3597 313 3649 hoc
332 3605 481 3651 monstrum
500 3601 534 3650 ad
554 3599 704 3650 fallendum
724 3601 890 3666 simplicium
910 3602 1015 3652 animos
1034 3601 1155 3651 vafritiis
1175 3600 1275 3650 audax.
1295 3598 1453 3649 --mali·

161 3685 224 3734 cia?
243 3683 298 3746 Qui
318 3684 365 3733 ubi
378 3700 442 3751 spes
461 3686 602 3736 refulserit
624 3687 712 3748 numi,
732 3701 847 3751 qumque
867 3689 950 3737 etiam
962 3687 1110 3752 nephanda
1122 3693 1233 3751 patrare
1246 3701 1300 3736 non
1313 3691 1451 3735 recusant.

159 3768 249 3820 Probe
267 3784 371 3819 morum
390 3771 512 3821 mimeeis
530 3771 602 3821 hunc
621 3769 672 3820 tali
690 3770 798 3822 ductori
817 3789 943 3838 gregem,
969 3778 997 3822 et
1020 3773 1099 3836 gregi
1121 3771 1205 3821 talem
1228 3771 1336 3820 invenit
1358 3770 1453 3820 ducto-

160 3866 226 3903 rem.
258 3852 416 3919 Dignus-
435 3855 620 3906 —defendat
644 3861 672 3906 et
695 3857 816 3907 adiuvet.
848 3858 967 3919 Quorum
985 3884 1019 3892 —
1036 3883 1069 3892 -
1092 3871 1147 3906 non
1170 3855 1300 3918 violavit,
1324 3855 1452 3920 prodidit,

159 3936 273 3988 devovit
292 3943 320 3989 et
338 3940 487 3989 interemit.
518 3942 593 4002 Quas
613 3942 785 4007 respublicas
804 3957 858 3992 uon
876 3943 1015 4006 corrupit?
1039 3943 1114 4004 Quos
1132 3941 1277 4006 Principes
1295 3957 1349 3990 non
1368 3939 1452 3990 male·

159 4024 313 4073 mactarit?
337 4022 422 4074 Cuius
446 4025 581 4075 familiam
606 4033 654 4077 aut
676 4042 728 4077 non
747 4027 848 4077 iniecit
866 4033 914 4077 eut
931 4026 1112 4077 sollicitavit?
1135 4026 1194 4075 Non
1212 4026 1262 4076 tto.
1277 4025 1351 4076 sedis
1369 4052 1402 4060 —
1420 4053 1453 4060 -

159 4107 368 4171 quodomnium
388 4136 420 4145 -
439 4137 471 4146 -
490 4112 550 4160 ansi
569 4118 640 4162 sunt
670 4111 805 4162 Ultricem
830 4112 901 4176 apud
920 4113 1074 4162 Beruenses
1092 4112 1241 4170 flammam,
1264 4111 1452 4160 Florentinum

160 4191 285 4254 facinus,
312 4200 340 4243 ct
363 4193 440 4245 mille
464 4196 522 4245 alia
542 4198 601 4246 eius
620 4199 742 4262 portenti
760 4197 870 4260 flagitia
888 4196 978 4247 libens
997 4202 1120 4258 taceam,
1147 4211 1207 4260 quie
1227 4196 1373 4246 memorari
1392 4211 1452 4245 cum

161 4275 291 4326 abhorret
309 4279 432 4343 animus,
452 4286 507 4330 tum
527 4280 652 4347 epistola·
672 4282 799 4347 prohibet
818 4282 949 4332 brevitas.
980 4282 1069 4331 Unum
1087 4281 1138 4330 hoc
1158 4281 1228 4345 quod
1247 4296 1345 4331 reeens
1364 4280 1453 4330 adhuc

226 4450 335 4499 ”audit
355 4454 376 4501 1.
442 4450 464 4483 ¹⁰
481 4452 637 4516 proseiscor
656 4458 678 4503 1.
695 4460 721 4503 G.
736 4453 781 4516 qui
800 4468 846 4502 orn.
861 4455 884 4500 1.
950 4451 971 4483 ¹⁷
989 4450 1161 4502 solicitavitf
1180 4457 1208 4500 G.
1281 4450 1300 4482 ¹⁸
1319 4451 1405 4502 Cleua.
1420 4451 1451 4499 V.

159 4530 235 4583 bulla
254 4536 363 4585 Facieae
380 4538 588 4587 misericordiam.
603 4539 628 4587 d.
644 4539 682 4587 12.
697 4540 765 4602 drag.
782 4555 806 4586 a.
824 4536 896 4586 1308.
910 4536 1016 4596 (blansi
1036 4537 1119 4584 XXV.
1132 4536 1207 4600 424.)
1271 4533 1293 4566 ²¹
1317 4536 1453 4585 hienricus

159 4616 218 4668 Vll.
233 4635 258 4668 a.
276 4619 348 4670 1313.
402 4618 425 4651 ²⁷
443 4621 579 4681 Quattuor
597 4621 790 4671 haeresiarchen
809 4620 866 4671 ord.
879 4620 1092 4685 praedicatorum
1111 4619 1145 4671 de
1163 4621 1343 4670 observantia
1354 4622 1453 4671 lterum

160 4703 296 4754 combusti
316 4720 341 4753 a.
358 4703 431 4754 1509.
485 4703 507 4737 ²⁹
525 4706 601 4756 Hier.
616 4705 787 4756 Savonarola
806 4705 952 4756 Florentiae
971 4721 995 4754 a.
1013 4703 1084 4758 labe.
1099 4706 1265 4756 combustus.
