3270 5354
310 360 519 397 nllassc'l'olflss
533 361 702 404 BBMQVOSQ·
717 362 908 396 ttuustsuoltvst
923 363 1071 396 Pttldtttl’es
1085 363 1196 397 CARNE!
1211 363 1330 398 BXEOBT·
1389 332 1459 405 20¹

325 538 364 580 w
376 518 486 577 hanla
507 523 533 574 et
554 517 625 575 Urbs
646 518 714 573 illud
728 533 786 590 per
806 520 895 574 uineta
919 521 1020 591 iupalia
1040 524 1135 589 nectit,

376 603 465 672 Quale
485 618 536 658 aee
557 603 615 658 ulla
633 603 732 675 [ment
752 605 890 659 mendatio
914 604 1015 673 Graia,
1038 621 1090 659 nee
1112 607 1168 662 ulta

374 688 484 745 Fabula
501 688 677 761 prodipinm:
697 694 746 744 tua
767 692 815 756 sit,
840 688 979 761 Neptune,
997 690 1114 745 tridente

375 774 434 831 Pro
454 787 528 829 sexu
550 781 661 829 certare
682 780 742 835 tuo,
758 779 815 844 p'ro
834 772 948 845 soemina
968 774 1079 829 daberis

376 859 479 915 Mum
500 858 579 930 apnd
599 858 744 913 Adriacas.
785 866 926 928 praetextu
944 858 996 914 ltoe
1018 864 1138 915 attamen
1157 861 1205 915 illa

327 960 364 1002 its
382 946 505 1015 llsttrpat
525 957 593 1015 pens
613 949 711 998 saneta
733 945 835 1009 sinum,
856 959 907 998 nee
926 945 1020 1014 parcit
1040 952 1141 1000 amedee

375 1029 455 1086 Sedt's
470 1028 628 1100 apostoliea
644 1027 752 1093 ditioni,
775 1034 805 1081 at
817 1029 941 1098 plurimo
962 1028 1064 1084 ademit

377 1114 439 1170 lam
459 1113 521 1168 laea
538 1113 664 1184 pontifici
674 1115 726 1183 pia
743 1114 821 1184 filia:
840 1112 917 1184 sorte
937 1114 1051 1185 rependi

377 1200 419 1256 Ne
435 1199 529 1253 senior
550 1204 642 1252 tantos
661 1200 741 1253 oneri
760 1197 950 1253 saeeiuarberet
965 1198 1063 1253 urbes:

376 1283 510 1341 Ecclesiae
531 1287 558 1337 et
578 1284 673 1337 totiens
693 1282 811 1338 tardavit
830 1285 920 1339 arniea
941 1285 1055 1355 quietem

327 1385 365 1426 nn
377 1369 521 1425 Hactenus
538 1366 572 1423 ol
591 1381 644 1422 sua
663 1373 706 1421 ter
727 1367 870 1438 benefacta
891 1367 1065 1423 anathemate
1084 1370 1184 1423 vineta.

376 1455 412 1510 a
431 1467 507 1509 nune
527 1450 696 1523 supplicibus
708 1466 813 1524 pacem
834 1453 881 1507 illa
903 1454 1058 1508 miserrima
1081 1456 1147 1508 notis

378 1536 460 1606 Orat,
483 1542 509 1591 et
529 1537 666 1591 addictam
684 1536 751 1608 fore
767 1551 797 1593 se
813 1539 946 1609 promittit
964 1537 1064 1594 leonori

377 1622 444 1679 Post
460 1621 515 1677 itae
534 1621 677 1689 Caesareo,
699 1622 840 1694 facturam
864 1629 890 1677 et
908 1630 1007 1678 arneto
1024 1623 1137 1678 libenter

377 1708 447 1777 Qua
466 1706 563 1763 Geesar
577 1721 766 1779 proceresque
786 1709 880 1774 uelint,
901 1709 979 1763 modo
1000 1710 1080 1779 eopia
1095 1707 1180 1780 [andi

327 1810 364 1850 iss
376 1794 465 1851 Detur
484 1798 509 1847 et
529 1792 624 1847 audiri
637 1792 742 1853 valeat;
762 1793 904 1847 dimittitur
924 1794 981 1857 alla

381 1877 452 1936 eros
470 1891 560 1949 neque
574 1876 738 1948 iampridem
761 1876 926 1932 Germanica
945 1878 1031 1933 litera
1051 1895 1136 1951 qaam
1155 1896 1210 1933 nou

377 1961 497 2039 initiat,
518 1969 546 2017 et
563 1960 649 2028 rabis,
668 1976 817 2032 proceres,
841 1965 960 2034 inperitia
982 1964 1016 2019 de
1031 1978 1062 2018 se

376 2046 512 2121 Spondet,
533 2045 676 2112 adulatur,
698 2046 810 2113 suadet,
833 2047 973 2102 blanditur
993 2056 1019 2104 et
1040 2048 1135 2120 offert,

378 2132 481 2189 ildaeet
499 2149 518 2187 a
539 2132 672 2202 sociisque
693 2131 816 2186 canenda
830 2133 958 2202 pericula
980 2135 1078 2188 nestris

327 2216 513 2290 euellendus,
536 2223 562 2271 et
583 2221 733 2271 commeato
755 2216 843 2288 refert
865 2218 995 2272 miranda
1014 2218 1139 2290 Pelaspis

375 2300 502 2370 Artibus,
523 2303 596 2356 inter
616 2314 662 2356 aas
682 2317 804 2372 utiquam
825 2304 852 2356 si
869 2309 963 2374 posset
981 2306 1052 2358 oriri

376 2386 494 2453 Seditio‚
515 2401 579 2459 poue
600 2386 659 2457 sala
679 2386 724 2440 aia
747 2393 787 2440 est
806 2386 858 2441 siti
877 2389 946 2441 lecto
967 2388 1071 2443 salutis.

376 2470 489 2527 Interea
510 2470 577 2526 bello
597 2484 628 2525 se
650 2471 769 2542 acciap't
788 2478 814 2525 et
833 2472 953 2543 undique
970 2479 1069 2527 eontra

376 2560 463 2613 Arma
476 2560 566 2627 parat
588 2548 722 2628 (referam
744 2570 812 2610 uere
833 2556 983 2612 inueterata
1006 2557 1056 2613 sub
1079 2560 1139 2614 istie

326 2657 363 2699 roo
376 2640 525 2697 Blanditiis
545 2638 687 2711 uerbisque
707 2640 783 2695 lonis
803 2644 940 2713 spatioque
957 2642 1065 2713 sunna

376 2726 474 2793 Pacis,
494 2724 701 2796 utEupaneam
719 2727 802 2796 prins
822 2728 999 2797 interceperit
1018 2727 1112 2782 arbem
1133 2724 1137 2732 '

375 2811 412 2867 et
431 2812 474 2867 sie
493 2810 622 2881 adempta
638 2812 706 2880 pari
733 2809 855 2865 l'ieentia
875 2810 993 2881 fraude,
1018 2819 1054 2867 tat
1074 2818 1152 2867 areta

375 2894 499 2952 earam
520 2894 648 2949 ductores
662 2895 753 2950 clausi
772 2898 908 2967 vestrique
924 2896 1019 2965 fideles

378 2980 429 3037 Tot
448 2981 542 3036 erneis
561 2978 681 3050 infanda
699 2978 828 3035 Patavini
848 2986 934 3035 morte
954 2978 1059 3056 necati)

325 3081 365 3122 na
384 3064 502 3122 Veronae
516 3064 634 3119 desidias
655 3066 711 3119 iam
732 3065 787 3119 iam
809 3066 932 3131 molitur,
956 3072 982 3120 et
1002 3069 1086 3122 instat

377 3149 522 3217 Continuo,
546 3154 574 3204 et
596 3150 711 3205 mi'seros
729 3150 882 3220 populatur
904 3150 1038 3206 elassibus
1057 3151 1170 3206 Histros

376 3234 414 3291 Et
431 3234 514 3308 ferra
530 3234 703 3307 [lamnisque
727 3232 832 3290 Forum
855 3236 989 3289 consumit
1005 3234 1076 3290 Iuli:

375 3320 462 3395 Atque
484 3321 523 3375 ita
544 3336 618 3375 aisne
638 3322 718 3376 etiam
734 3320 893 3375 simulatrice
915 3320 1016 3375 callida
1038 3320 1113 3376 nabis

382 3403 472 3460 Verba
493 3403 567 3461 dabit
585 3405 692 3477 vulpis?
712 3420 861 3475 numquam
882 3406 968 3459 vitare
989 3405 1078 3460 lieelrit

219 3518 222 3529 ·
297 3504 364 3567 ‘no
377 3488 507 3545 &aiam
525 3496 625 3545 aaatia
643 3494 815 3561 expertaque
829 3491 933 3562 panda
951 3490 1064 3547 Circes?

374 3572 465 3631 illane
483 3574 584 3648 fallaci
603 3577 703 3630 tociens
724 3573 842 3630 eradere
862 3576 954 3647 linqua

376 3658 535 3717 &nsdiisae
550 3662 610 3715 suis
630 3665 656 3715 et
675 3675 750 3715 anae
768 3674 876 3733 quoqne
897 3659 974 3715 abire
995 3660 1093 3717 valebit

368 3741 546 3818 ’Insuperata
566 3745 655 3801 dalis?
676 3743 756 3812 Quod
774 3746 800 3800 si
818 3745 916 3812 datur,
940 3748 1036 3818 aeeipe
1058 3752 1191 3818 tanquam

237 4022 275 4061 ⁸¹⁵
290 4024 393 4095 sinum]
415 4028 537 4079 Venetiae
553 4042 576 4078 e.
592 4029 746 4078 Venetiaaa.
816 4025 850 4059 ²⁴⁶
869 4026 1009 4078 sementinum
1026 4030 1112 4094 sadus
1132 4029 1314 4078 Cameraeease
1330 4028 1469 4077 Venetiaai

174 4112 282 4179 apauli
295 4118 374 4163 emt
389 4118 417 4163 nt
432 4114 549 4178 perstillat
563 4128 632 4161 mace.
646 4115 811 4162 restituerent
830 4114 981 4172 Rauennate,
1003 4114 1124 4172 Ceroiarn,
1144 4115 1299 4171 Faventiam,
1318 4112 1465 4169 Ariminum,

172 4204 198 4249 et
213 4212 273 4265 quo
287 4199 341 4248 ln
355 4197 403 4247 sula
419 4198 516 4247 ditione
531 4199 623 4262 papali
639 4204 688 4247 tura
703 4199 822 4260 filerunt,
842 4198 945 4247 imolam
967 4214 999 4247 ae
1019 4200 1145 4248 Cesennia.
1197 4195 1231 4229 ”¹
1252 4197 1291 4260 Gs.
1306 4197 1416 4247 Hutteni
1431 4196 1468 4246 ad

172 4282 280 4335 aab„
291 4280 396 4333 caton.
410 4288 502 4332 eoam
515 4282 635 4340 Venetos,
654 4284 708 4331 init.
723 4283 754 4331 de
767 4298 832 4347 paee
843 4284 995 4346 suppliciter
1006 4282 1122 4332 Baesani
1132 4299 1162 4331 ra.
1175 4282 1241 4332 Iulio
1255 4297 1279 4331 a.
1292 4283 1366 4330 1509.
1380 4279 1412 4329 ab
1422 4283 1465 4329 ira·

168 4372 295 4433 mm
304 4367 398 4433 petita.
423 4374 427 4381 '
450 4362 521 4410 ”⁸⁸⁸-
536 4363 674 4432 1³01.art.1
694 4368 760 4417 dolis
780 4366 886 4417 Grecis.
939 4365 974 4398 ²⁶⁸
987 4367 1126 4415 Patavium.
1148 4366 1186 4430 Cf.
1201 4367 1305 4416 Helian.
1329 4364 1467 4415 Venetiani

168 4450 215 4503 td
226 4450 325 4503 &rillio
335 4450 469 4501 Patauium
481 4452 506 4501 d.
520 4454 561 4501 17.
574 4450 625 4500 Iul.
639 4467 663 4502 a.
677 4454 752 4501 1509.
766 4457 989 4515 recuperaverant.
1042 4449 1077 4482 ’θ’
1089 4452 1121 4499 D.
1137 4454 1181 4501 15..
1192 4450 1256 4499 Neo.
1273 4450 1414 4499 licentiam
1425 4464 1466 4500 ee·

165 4536 208 4601 fl
222 4548 310 4587 mu
320 4534 457 4587 muana
472 4537 650 4602 Veroaaraque
667 4534 775 4585 obsedit.
822 4533 856 4566 ¹⁸⁰
875 4536 903 4584 in
921 4534 1007 4584 fanda
1020 4536 1043 4583 t.
1090 4532 1124 4566 ”⁰
1143 4534 1183 4598 Cf.
1197 4534 1302 4584 Helian,
1349 4530 1383 4566 Μ
1401 4534 1465 4583 Hie·

168 4634 292 4685 m
303 4618 458 4671 &alaim
480 4622 558 4669 elasel
575 4619 718 4685 presedus
736 4627 806 4677 not,
832 4610 957 4670 Attianus
976 4624 1002 4668 et
1021 4619 1150 4668 l'ornarus
1173 4622 1314 4670 exereitum
1331 4616 1465 4669 ducebant

169 4702 212 4768 cs.
224 4720 249 4755 u.
264 4705 326 4755 ste.
378 4702 413 4738 Μ
431 4703 546 4755 ooffimit
564 4707 588 4754 1.
641 4701 675 4734 ²⁷⁶
693 4703 824 4768 syrenum
843 4706 868 4753 t.
