3270 5354
183 375 257 448 364
361 406 484 442 RVTTEM
500 407 529 442 IN
542 408 739 442 ΕΧΟΕΡΤΙΟΝΕΙΙ
753 406 937 442 MOGTNTINAU
950 406 1072 442 ALBBBTI
1085 406 1291 444 Pannonicus.

332 586 370 628 333
386 563 473 633 ,,1133
496 563 532 622 de
554 564 646 641 stirpe
668 563 739 623 mibi
762 562 894 630 soboles,
919 580 976 640 qua
998 562 1091 623 tidere
1114 564 1225 641 possim

384 664 565 741 „Solarique
587 666 690 742 inopes
712 682 796 733 casu,
820 664 887 724 date
909 664 1051 742 sanguine
1073 664 1111 724 ab
1132 666 1189 726 isto

386 765 582 845 „Respirem
607 767 681 826 13331
703 766 750 826 3113
774 767 879 827 domus
902 785 960 845 quo
983 765 1078 827 ablata
1101 768 1218 827 renasci

385 870 485 947 „Spes
507 875 609 947 queat,
633 868 689 927 boc
713 869 858 929 redivivus
881 869 977 929 honor
999 868 1036 930 de
1059 870 1177 929 nomine
1200 876 1311 948 surgat.

385 970 496 1040 „Haeo
519 972 638 1049 gradive
661 978 758 1049 pater,
782 973 805 1031 si
829 989 887 1031 nou
910 972 1084 1049 praesentius
1105 969 1173 1031 udis

333 1089 371 1132 333
387 1072 527 1142 „Numen
550 1072 641 1133 habes
664 1074 765 1142 terris,
788 1074 811 1133 si
834 1075 928 1151 prima
951 1072 987 1133 ab
1011 1074 1125 1151 origine
1148 1074 1244 1152 gentis

383 1174 507 1245 „Prona
530 1176 572 1234 Tui
593 1193 769 1253 semperque
792 1177 849 1234 tuis
871 1174 997 1235 obnoxia
1020 1176 1127 1242 sacris,

385 1277 468 1346 „Per
491 1273 590 1336 blanni
613 1276 745 1337 sobolem
770 1284 911 1355 natosque
933 1277 1088 1338 Tuisconis
1110 1293 1229 1348 333333,

384 1378 535 1455 „Pignora
558 1377 644 1457 piena
669 1379 726 1447 tui,
749 1379 839 1438 surdo
861 1385 927 1438 vota
950 1396 1048 1439 333333
1072 1378 1187 1439 coelo!“

386 1479 505 1540 Dixerat
527 1478 590 1539 haec
613 1479 728 1559 tusique
751 1479 823 1540 deos
844 1498 963 1541 morere
986 1487 1137 1557 precatus,

333 1599 371 1641 333
387 1582 590 1660 Continuoque
612 1584 689 1660 patri
711 1582 777 1642 data
800 1600 913 1642 summa
937 1583 1058 1660 negocia
1080 1581 1167 1642 Marti
1347 1581 1508 1660 mu,

385 1683 479 1743 Solari
502 1685 652 1744 attonitam
675 1692 704 1744 33
726 1683 837 1745 3313333
859 1702 1001 1762 responsa
1024 1701 1078 1760 per
1100 1702 1188 1745 auras

384 1785 491 1854 Terre,
515 1786 590 1845 sinat
612 1785 777 1865 lachrymas
800 1793 828 1846 et
850 1785 930 1846 lucto
954 1792 1049 1846 cesset
1069 1786 1165 1855 inani,

383 1887 507 1948 ddiiciat
528 1889 594 1948 satis
616 1889 761 1957 animum,
786 1888 961 1968 cousyderet
981 1887 1011 1946 iu
1034 1904 1093 1965 quo

384 1990 447 2049 Sint
469 1989 596 2050 humana
619 1998 710 2058 statu,
736 1990 798 2049 vitae
820 1991 984 2066 mortisque
1006 1989 1206 2067 propinquum

332 2111 370 2152 333
386 2092 476 2152 Retro
499 2090 577 2169 legat
598 2093 747 2171 spacium,
770 2098 833 2151 tum
857 2109 944 2169 quam
967 2089 1087 2151 crudele
1109 2091 1272 2152 Necessum

384 2194 447 2254 Vim
471 2201 569 2272 gerat,
592 2196 622 2255 in
645 2211 719 2273 quos
743 2193 891 2254 declinent
913 2178 1047 2253 mortalia
1068 2192 1158 2262 flues,

384 2297 484 2368 Quove
506 2297 535 2355 in
558 2316 591 2357 33
612 2296 735 2357 redeant
757 2315 850 2364 nexu,
875 2302 959 2355 ‘tune
980 2295 1071 2354 inscia
1094 2295 1221 2365 rerum'‚

383 2397 461 2458 Mars
484 2399 523 2458 331
546 2400 691 2459 ‘insuetos
715 2405 854 2476 tanquam
877 2396 1024 2457 mirabere
1047 2414 1132 2458 casus

385 2499 472 2569 ‘Quae
495 2518 574 2560 nuuc
597 2500 751 2560 eveniunt?
775 2501 860 2560 tantis
884 2500 1010 2560 exercita
1033 2498 1100 2558 13133

332 2621 370 2661 am
386 2602 471 2662 ‘Tala
494 2602 684 2671 reformidas,
709 2608 738 2662 et
760 2601 856 2661 adbuc
879 2600 1012 2679 exempla
1033 2602 1174 2680 requiris,

384 2704 482 2765 ‘Unde
504 2721 609 2773 novas,
633 2703 723 2763 oblita
745 2705 802 2773 tui,
827 2702 923 2764 solere
946 2703 1065 2763 ruinas?

384 2806 459 2867 ‘Nec
483 2814 578 2866 333333
602 2813 765 2865 3333333331
787 2812 816 2864 33
838 2824 903 2884 quae
925 2806 1036 2864 maiora
1059 2803 1178 2864 dolendi

384 2909 596 2969 ‘instrumenta
621 2908 736 2968 forent?
758 2908 843 2978 Esto,
867 2906 953 2967 dolor
976 2905 1061 2966 altius
1083 2907 1158 2966 iutra

384 3011 515 3071 ‘Viscera
538 3011 669 3071 radicem
692 3011 811 3070 33313333
835 3011 930 3070 buerit
952 3009 1055 3078 buius,

331 3133 369 3172 333
385 3113 505 3190 ‘Tuque
526 3112 619 3190 magis
642 3131 742 3172 casum
765 3111 866 3172 doleas
888 3131 923 3172 ox
946 3109 1084 3171 omnibns
1106 3110 1210 3170 istum:
1243 3154 1247 3161 -

382 3216 578 3276 ‘Fatorumne
601 3232 687 3292 paras
708 3213 912 3292 irrefragabile
935 3230 1046 3272 numen

382 3318 511 3394 ‘Cogere
534 3324 562 3376 33
583 3325 708 3377 mternas
731 3323 811 3377 rotro
834 3315 974 3376 diducere
995 3312 1076 3391 leges
1102 3365 1107 3370 .

382 3421 617 3497 ‘Firmatamque
641 3418 738 3478 colum
761 3417 899 3496 quodque
921 3414 1114 3477 irrevocabile
1137 3435 1264 3495 pensum
1288 3418 1348 3478 esti

382 3523 554 3584 ‘Germanae
577 3523 689 3582 virtutis
712 3530 775 3581 erat
797 3526 986 3580 contemnere
1009 3526 1134 3587 mortes,

330 3643 368 3682 333
384 3625 557 3702 ‘Despicere
580 3630 668 3702 atque
691 3641 795 3683 onmes
817 3621 892 3681 inira
915 3639 947 3681 se
970 3638 1082 3698 ponere
1105 3639 1199 3681 casos.

382 3727 455 3785 ‘Aut
477 3725 610 3786 Cimbras
631 3727 747 3786 imitare
770 3732 835 3785 tuas
858 3723 919 3802 (tibi
940 3723 1058 3783 immina
1080 3741 1221 3802 magnum

177 3899 271 3965 pidum
288 3896 381 3959 fieret,
404 3910 495 3945 rumor
514 3902 556 3945 est
574 3895 675 3945 militia
698 3895 791 3944 mundi
814 3894 975 3944 dimicatum
994 3908 1054 3942 cum
1073 3892 1261 3959 gigantibus''.
1280 3894 1361 3945 Sotira.
1380 3891 1456 3961 polyb.

178 3998 203 4033 3.
216 3982 241 4033 9.
255 3983 322 4033 Stat.
336 3981 422 4032 Theb.
436 3981 472 4030 11.
486 3979 544 4031 595.
559 3996 598 4044 sq.
624 3981 717 4030 suduri
736 3985 760 4029 5.

245 4064 456 4117 8’403313333333
475 4065 510 4115 ed
528 4065 677 4115 Martem*
728 4063 762 4097 ³²⁷
781 4079 957 4115 3333333333
976 4059 1157 4116 sannanim*
1180 4063 1240 4115 Tac.
1255 4062 1347 4115 Germ.
1360 4065 1386 4115 2.
1398 4062 1458 4127 „Ce-

177 4151 288 4203 launna
311 4151 480 4202 carminibus
503 4151 625 4214 antiquis
644 4186 661 4200 ..
680 4151 841 4199 Tuistonem
864 4149 945 4199 deum
969 4154 1044 4199 terre
1069 4148 1173 4198 editum
1191 4153 1220 4198 et
1237 4148 1324 4200 filium
1342 4150 1459 4200 Mannum

177 4238 313 4302 originem
331 4236 424 4302 gentis
442 4234 677 4300 conditoresque’'.
729 4233 763 4266 ³³⁰
781 4236 818 4284 ci.
832 4235 867 4283 ad
884 4250 910 4284 v.
923 4232 981 4284 289.
996 4232 1089 4283 adnot.
1141 4232 1175 4265 ³⁸²
1195 4235 1272 4284 simut
1290 4234 1426 4296 lacrimas,
1441 4235 1459 4282 3.

176 4319 466 4372 ⁸⁸⁸conuideret2...5.
505 4318 539 4351 ³³⁵
553 4321 638 4371 ‘soevo
650 4320 828 4371 Necessitas.
844 4321 911 4369 1133.
926 4318 969 4368 od.
983 4319 1005 4369 1.
1019 4318 1096 4377 35,rt.
1143 4315 1331 4370 ³⁴⁸rixeritd.
1378 4319 1412 4352 ¹⁴⁴
1422 4333 1460 4384 pa·

178 4421 223 4457 res
241 4409 264 4456 0.
328 4404 531 4470 irrefragabile,
550 4407 596 4456 eui
614 4406 761 4470 refragari,
781 4405 913 4455 resistere
933 4420 988 4455 non
1006 4417 1158 4470 possumus.
1216 4400 1250 4434 ³⁴⁸
1269 4405 1376 4467 „Durm
1393 4418 1460 4471 pers·

177 4494 247 4555 gunt
263 4505 351 4556 penso
368 4505 485 4553 sorores,
504 4491 563 4541 Nee
576 4505 626 4541 sue
637 4495 711 4541 retro
725 4490 771 4540 tila
788 4488 961 4541 revolvunt’.
980 4489 1041 4540 Seu.
1054 4490 1139 4541 Herc.
1153 4488 1205 4538 sur.
1220 4486 1279 4538 181.
1292 4505 1334 4555 sq.
1382 4489 1415 4523 ’θ
1426 4488 1460 4538 Cr.

182 4574 243 4625 Tac.
258 4575 350 4626 Germ.
364 4575 406 4626 14.
459 4574 493 4606 ³⁶⁰
510 4575 657 4642 Dispicere
676 4581 701 4626 5.
754 4573 786 4608 ³⁵¹
806 4572 942 4639 Cimbros]
962 4575 1040 4636 „Nec
1059 4576 1148 4624 minor
1160 4588 1222 4623 eum
1233 4575 1367 4626 uxoribus
1380 4587 1461 4625 eorum

178 4657 370 4724 (cimbrorum)
389 4675 483 4726 pugna
502 4676 582 4725 quam
601 4676 662 4711 cnm
685 4661 755 4725 ipsis
779 4661 833 4710 fuit
851 4659 915 4710 &c.’'
939 4660 1011 4710 Flor.
1024 4660 1075 4711 ΙΙΙ.
1089 4658 1195 4719 3,13.17.
1209 4657 1246 4708 cf.
1264 4659 1327 4710 Tac.
1343 4656 1460 4713 uemt.

180 4739 305 4809 imminu]
324 4743 467 4795 muliebris
485 4760 574 4798 sexus.
588 4746 625 4796 33.
638 4745 713 4795 infre
730 4761 757 4796 v.
770 4744 828 4796 735.
841 4759 900 4810 sqq.
