3270 5354
165 347 236 420 ¹88
376 379 492 414 tintdtttt
508 377 629 414 vntum
643 378 764 413 ΗΟΙΙΥΙ.
818 378 919 413 num
933 377 1062 421 Quum
1074 378 1237 414 emtum.

363 538 518 594 Fortunam
537 538 691 610 quicunque
707 538 800 609 nequit
819 537 940 592 tolerare
959 536 1127 606 secundam,

448 622 615 688 Adversum,
637 622 703 676 nolit
721 635 771 677 seu
791 622 866 689 vetit,
886 620 1035 693 disseret:

371 707 425 765 Vos
444 723 509 780 erpo
530 707 571 761 ud
585 707 725 779 proprius
744 711 820 761 artes
837 706 958 761 redeatis
978 722 1107 773 ararim,

312 809 350 852 ut
449 793 589 865 Armaque
611 798 637 846 et
656 793 801 863 imperium
823 792 932 864 linquite
948 792 1131 865 principibus.

516 1154 560 1197 Ao
576 1152 743 1197 VNIVERSOS
755 1127 929 1197 aetnam
939 1153 1101 1197 Pntnctees

406 1239 486 1290 OVOB
500 1238 701 1282 trsrtsstttru
714 1239 757 1280 ET
768 1238 838 1281 ror!
849 1238 1023 1295 acnuam
1034 1238 1209 1282 omntost'tt

319 1328 483 1379 BELLVM
500 1326 664 1379 cAESAtttS
680 1326 949 1379 MAXIMILIANI
966 1326 1109 1379 coum
1130 1328 1302 1385 VENEMS

692 1425 752 1467 ttott
765 1424 926 1467 Atttt‘t'ettt

586 1516 771 1586 QVERELA
803 1517 1028 1576 GERMANIAE.

623 1631 820 1695 urseolus
837 1631 991 1684 Arason.

366 1773 388 1831 0
410 1787 472 1828 meo
487 1773 637 1845 propenies
658 1772 831 1840 dulcissima,
858 1770 979 1829 Teutana
997 1770 1099 1845 pubes,

448 1858 577 1928 Accipias
597 1858 694 1912 mubi's
708 1858 796 1912 tri'slia
813 1855 896 1913 aerbo
917 1863 985 1913 tuae:

364 1941 417 1998 Illa
440 1956 488 2014 epo
510 1949 653 1997 terrarum
671 1942 803 1997 domitrix
820 1944 962 2014 lupumque
980 1941 1101 1998 uerenda

338 2047 350 2087 s
450 2025 614 2099 Imposilriu
635 2027 697 2082 olim
717 2026 840 2098 pentibus
856 2028 1022 2093 innumeris,

363 2113 448 2171 Cuius
468 2113 594 2168 victrices
615 2111 738 2184 amiur,
760 2113 882 2167 uictricia
903 2112 982 2183 sipna

449 2196 567 2252 Pertulit
587 2209 652 2252 eosts
669 2195 829 2269 occiduipue
849 2196 949 2263 duces,

363 2282 446 2339 Ollius
464 2288 490 2336 et
510 2282 653 2353 imperium
676 2286 846 2336 tremuerunt
865 2281 957 2335 amaia
977 2294 1079 2353 repna‚

338 2388 351 2427 s
450 2365 567 2423 Servivit
588 2365 684 2421 Gallus
702 2364 912 2439 Romulidoeque
929 2366 995 2432 uiri,

363 2453 455 2525 Lupeo
477 2466 552 2505 nunc
572 2451 683 2518 merito,
704 2451 779 2505 dura
798 2452 904 2506 ceruice
921 2455 1067 2521 parentem

451 2534 529 2604 Quod
546 2550 590 2591 me
607 2550 695 2604 nunc,
713 2549 864 2607 proceres,
887 2535 1016 2602 umnitu,
1038 2540 1120 2607 utque
1140 2535 1243 2593 duces:

365 2621 437 2678 Nam
467 2619 585 2675 Venetus
602 2622 726 2692 populus
747 2636 802 2675 non
823 2621 885 2675 iure
905 2625 955 2674 aut
972 2618 1081 2692 sumre
1102 2626 1190 2676 muas

327 2700 352 2765 η’
452 2703 574 2778 Imperio
595 2706 695 2761 inuasit
715 2704 802 2760 debita
824 2719 911 2777 repna
932 2718 1007 2773 meo,

372 2790 536 2848 Vulneribus
555 2792 669 2862 quesita
690 2792 757 2845 mas
774 2795 801 2845 et
811 2789 935 2861 possidet
956 2805 1041 2858 arua,

450 2875 611 2931 Histrorum
632 2882 659 2929 et
678 2880 780 2947 sepetes
802 2874 909 2929 demelit
927 2872 1050 2930 Italicas.

366 2960 437 3017 Huc
458 2966 586 3031 repetens
602 2960 673 3032 sorti
691 2974 767 3015 nunc
788 2957 884 3015 Coesar
900 2956 1103 3015 Maamiliamts

328 3061 352 3103 sa
450 3042 536 3100 Milite
559 3052 677 3100 metatur
694 3051 789 3100 castra
808 3057 863 3114 per
883 3042 1009 3109 Italiam,

364 3130 512 3202 Foelicique
530 3146 615 3185 manu
635 3131 749 3186 summis
768 3131 796 3183 in
817 3127 951 3183 montibus
971 3143 1054 3184 arces

451 3213 684 3288 commataque
704 3214 788 3270 urbes
804 3213 855 3269 sub
876 3212 977 3268 ditione
997 3220 1084 3276 tenet,-

365 3299 409 3356 Ite
433 3299 593 3373 Venetisque
614 3306 705 3355 actum
724 3298 813 3372 soret,
836 3297 949 3353 auxiliis
969 3298 1047 3353 modo
1069 3299 1168 3355 uestris

260 3428 264 3435 .
329 3399 355 3440 w
453 3383 569 3441 Adiutus
589 3390 678 3441 resur
698 3385 725 3439 si
744 3382 869 3439 dominus
884 3381 994 3455 suerat,

368 3468 453 3538 Quem
473 3484 550 3524 nunc
568 3469 705 3535 deseritis,
729 3468 792 3523 dum
808 3467 963 3534 commoda,
984 3467 1114 3540 planam,
1136 3466 1256 3524 bonores

455 3553 575 3609 Nominis
594 3555 701 3625 antiqui
720 3556 786 3608 iura
809 3550 921 3623 referre
940 3553 1009 3607 licet

368 3638 435 3709 ouis
455 3639 554 3712 furor,
577 3655 593 3694 o
612 3641 704 3711 prouti!
722 3655 785 3711 qua
804 3653 860 3693 uox
881 3643 936 3691 tam
958 3637 1037 3704 dira,
1056 3635 1197 3709 nefanda,

328 3738 353 3778 u
454 3722 522 3792 Quae
540 3729 643 3779 mutum
662 3724 752 3795 potuit
772 3723 941 3779 consuluisse
961 3721 1063 3794 nesus?

366 3807 431 3866 Heu
450 3807 528 3876 milti,
549 3822 604 3881 quo
619 3809 724 3880 putria
744 3807 880 3874 studium,
904 3822 957 3879 quo
976 3805 1075 3863 decidit
1091 3806 1200 3871 ardor,⁷

454 3892 593 3949 Nobilibus
616 3900 749 3966 quantum
771 3893 971 3964 decerneremus
991 3893 1066 3949 uois!

369 3977 491 4035 Classica
508 3980 575 4050 qum
598 3980 715 4034 soniteat
732 3984 760 4034 et
779 3976 872 4032 adbuc
891 3976 1041 4033 Germania
1062 3978 1091 4032 in
1116 3977 1204 4032 armis

329 4076 355 4117 u
453 4063 586 4135 Fulpeat,
613 4064 723 4135 imperii
739 4078 794 4135 quo
816 4075 982 4133 reparemus
1003 4075 1083 4133 opes,

368 4149 422 4204 Aut
443 4149 514 4203 mate
531 4149 676 4220 nepls'pi'mr
696 4150 840 4220 quaesitum
861 4148 997 4219 sanpuine
1017 4146 1100 4202 multo

452 4232 591 4289 Maiarum
612 4233 770 4304 imperium,
790 4231 895 4303 utorio,
916 4230 1012 4303 samu,
1036 4230 1129 4286 decus.

233 4446 351 4512 'eoam
370 4451 395 4499 1.
447 4447 469 4480 ²⁸
487 4448 636 4514 nephanda
654 4454 680 4500 2.
744 4447 767 4481 ²⁴
784 4449 854 4500 Haeo
873 4450 988 4501 tortasse
1008 4421 1119 4513 aliaque
1136 4446 1294 4499 Babsliunn
1311 4464 1367 4500 non
1383 4447 1453 4499 nulls

166 4529 237 4582 intes
266 4547 367 4585 onasus
393 4533 533 4585 scribendi
560 4534 690 4585 carminis
716 4534 751 4585 da
778 4550 833 4585 non
858 4534 991 4599 degeneri
1017 4537 1092 4583 statu
1116 4532 1316 4584 Germanorum
1339 4533 1453 4584 flattena

167 4612 287 4667 luerunt.
977 4633 980 4639 ·

828 4758 838 4763 -
861 4754 964 4763 --.-—--
