3270 5354
311 356 458 394 ἈΠΗΝΗ
472 357 566 394 BERV!
578 359 746 395 veusedus!
760 359 953 397 eussolmcvs
963 361 986 395 '1.
1001 361 1225 399 oeuusflmcou.
1337 332 1409 404 305

332 516 479 573 Ventorum
504 516 576 570 ridet
591 515 694 571 rabiem
710 518 857 591 pelaqique
873 517 994 589 furentis

324 603 483 675 Aspernata
500 603 606 668 minas,
624 604 703 656 statio
724 609 764 656 est
784 605 917 657 tutissima
938 605 1040 659 nautis.

320 684 407 743 'Nunc
428 687 475 741 tibi
494 693 592 742 maneta
612 686 707 741 labant
725 689 850 761 tristique
871 690 987 758 impulsa
1010 691 1093 744 ruina

323 770 397 826 Ilata
410 777 560 843 prunoni-
576 784 673 827 verum
692 770 770 843 sada
791 773 851 828 boec
872 779 898 827 et
917 773 980 828 dira
1003 777 1118 830 remittet

204 875 218 899 ·
273 873 311 914 us
327 854 486 929 Tempestas
506 857 678 930 aderuntque
699 859 739 912 tui
753 860 813 913 sine
834 858 939 914 turbine
955 860 1034 915 soles.

323 940 396 999 Sunt
415 942 511 997 mundi
529 957 677 1015 rerumque
695 944 779 1011 vices,
800 943 854 998 bas
874 951 952 999 terro
968 944 1125 1016 fretumque

323 1028 445 1083 Alternis
466 1029 583 1099 uqitaut,
605 1028 746 1082 alternant
765 1031 836 1100 iqnis
853 1036 879 1084 et
896 1043 962 1097 aer,

327 1113 417 1184 Usque
437 1112 506 1167 adeo
522 1113 635 1167 summis
658 1129 714 1167 una
736 1116 905 1186 minimisque
925 1122 1050 1187 nepotum

322 1198 402 1255 Certo
424 1203 501 1253 stare
522 1199 579 1253 loca
601 1197 741 1269 stabilique
762 1201 887 1255 insistere
904 1215 1005 1255 cursu:

273 1298 309 1340 uso
322 1282 384 1339 Hoc
403 1297 510 1356 quaque
529 1285 605 1337 triste
628 1283 711 1355 mesas
730 1291 756 1338 et
770 1284 938 1340 ineluctabile
956 1284 1047 1356 satum

320 1365 453 1425 Excutiet
471 1374 586 1423 oenlura
609 1368 682 1427 dies‚·
701 1371 756 1423 iam
778 1370 899 1425 candido
919 1369 1021 1425 Parcae

320 1451 458 1524 Incipient
478 1453 547 1508 ioetis
566 1453 613 1507 tibi
632 1469 749 1510 currere
770 1457 888 1510 stamina
907 1455 995 1527 fusis,

320 1535 486 1595 Immensum
509 1538 637 1593 succedet
657 1555 726 1610 opus
753 1539 913 1613 Venetisque
929 1554 1041 1595 sorores

322 1623 453 1679 Fatorum
474 1623 603 1679 adiicient
623 1624 752 1678 miranda
772 1626 906 1682 ooittmina
929 1625 1022 1681 rebus.

271 1724 308 1764 us
324 1707 381 1764 Sed
400 1708 467 1780 quid
487 1723 535 1781 eqo
557 1708 618 1763 boec
638 1716 770 1780 tanquam
791 1713 916 1770 uenturis¹
932 1710 1029 1765 obruto
1048 1712 1139 1766 saeclis

322 1793 378 1850 Neo
399 1793 502 1849 dudum
523 1796 632 1867 oulpata
654 1799 745 1850 cano?
765 1797 805 1849 nit
821 1797 943 1850 maaima
967 1796 1044 1850 tellus

321 1876 402 1946 Ouod
419 1880 508 1934 mames
527 1881 643 1934 miretur
660 1879 754 1947 babet,
773 1881 813 1935 nil
827 1881 941 1951 denique
955 1887 1071 1952 pontus.

320 1962 408 2030 Quum
437 1962 554 2019 Venetas
575 1967 701 2037 respecit
720 1980 786 2036 apes
805 1965 967 2037 famamque
987 1966 1140 2037 decusque,

320 2046 471 2120 Imperium
489 2057 515 2104 et
534 2050 629 2104 mediis
645 2057 800 2122 surqentem
818 2050 947 2122 fliectibus
968 2051 1082 2112 urbem·

269 2148 307 2194 mo
322 2132 392 2201 (lum
407 2136 499 2205 potius
519 2150 618 2190 sacros
636 2136 747 2208 quanda
762 2135 822 2191 bac
842 2135 894 2191 sibi
912 2136 1035 2191 vendicat
1050 2143 1127 2192 ortus

319 2219 467 2274 Aeternum
485 2220 665 2275 memoranda
681 2220 752 2287 dies,
772 2222 826 2276 buc
850 2221 961 2276 sedulas
975 2222 1046 2276 ultra

319 2303 440 2359 Pieriam
456 2305 588 2360 contendo
609 2304 732 2377 chelym,-
752 2307 803 2361 sed
823 2308 886 2361 loeta
899 2309 1018 2378 paranti

317 2388 419 2445 Dicere
438 2389 530 2445 adbuc
550 2399 685 2463 superant
703 2407 766 2463 quoe
782 2392 902 2447 candida
921 2393 1029 2462 plectra
1051 2399 1200 2450 morentur.

325 2472 379 2529 Via
403 2477 499 2530 etenim
518 2477 586 2532 saeoi
603 2479 658 2530 iam
680 2478 799 2532 vulneris
820 2478 877 2531 alta
899 2478 1017 2532 cicatrix

268 2573 305 2614 uu
319 2557 448 2633 Coeperat
462 2556 571 2616 iunctis
591 2564 693 2617 sensim
710 2576 741 2617 se
762 2562 897 2617 obducere
918 2563 1027 2630 lustris,

317 2643 505 2718 Cleruleosquc
523 2646 646 2702 abscissa
665 2650 742 2702 sinus
761 2647 872 2702 disiecta
895 2648 1009 2718 capillos
1140 2710 1142 2715 ¹

315 2728 428 2785 IIadrio
448 2730 541 2786 adbuc
554 2732 660 2787 nitidos
682 2731 824 2787 tocbrimis
845 2731 964 2803 terqebat
985 2731 1083 2785 ocellus

316 2812 452 2871 Invidiam
471 2816 585 2889 factura
604 2817 676 2885 deis,
698 2834 781 2888 qtutm
803 2819 886 2872 tristis
907 2816 942 2871 ab
963 2823 1041 2871 arclo

317 2897 495 2974 Bipitoeisque
515 2916 635 2958 excussa
656 2904 726 2975 iupis
748 2904 787 2957 ois
808 2901 925 2957 Hunnia
943 2902 1064 2973 fianuuis

267 2999 303 3041 ito
320 2982 416 3040 Obruit
434 2989 573 3042 mcoatam
594 3003 646 3043 nec
668 2991 722 3043 iam
742 2990 873 3060 qraoiora
895 2990 1027 3042 timentem

317 3068 406 3136 Quam
427 3072 529 3128 maurit
542 3088 680 3144 perpesso
701 3073 791 3146 soret.-
813 3079 868 3128 tum
888 3073 1002 3144 denique
1017 3070 1087 3142 fiatis

315 3153 403 3211 Littus
420 3162 446 3211 et
466 3159 558 3212 decta
573 3166 717 3213 cesserunt
736 3157 867 3212 manibus
888 3156 988 3217 urbes,-

314 3240 355 3295 Ac
376 3243 446 3296 uelut
467 3245 566 3297 oestiors
585 3243 671 3298 sabito
692 3260 775 3314 quum
796 3243 931 3297 mensibus
952 3243 1020 3295 areni

313 3323 407 3381 Induit
427 3325 571 3384 obsmtram
591 3327 693 3399 factem
713 3328 764 3382 sub
784 3327 897 3381 nubibm
918 3326 1018 3392 oetber,

266 3425 301 3465 us
316 3408 455 3483 I'ulqurat
468 3419 495 3467 et
516 3419 566 3468 toto
586 3412 763 3468 crebrescunt
781 3429 927 3467 murmura
947 3413 1027 3477 cleto,

317 3495 384 3551 Tum
403 3498 428 3551 ei
442 3496 520 3568 sorte
540 3506 606 3554 ruat
626 3500 739 3553 rutilum
752 3513 808 3569 per
825 3499 920 3553 inania
932 3496 1041 3568 fulmen

313 3580 490 3655 Ilisiiciatque
512 3583 616 3638 cadens
637 3586 735 3639 ueteris
754 3584 866 3656 fastiqia
888 3584 980 3654 templi

314 3666 495 3722 Eacultumoe
513 3675 600 3740 caput
616 3677 751 3725 surrecta
770 3669 810 3723 ad
826 3665 918 3724 nbldo
939 3669 1038 3734 tiaris,

313 3750 428 3808 mauu
448 3752 512 3809 dum
529 3754 645 3826 damma
667 3757 764 3822 micat,
784 3755 847 3809 dum
869 3760 969 3810 carecta
987 3752 1106 3825 froqore

264 3854 300 3894 mo
314 3835 471 3905 Dissiliunt,
491 3841 595 3910 qremio
617 3841 769 3913 cataplexis
785 3842 908 3912 piqaora
930 3845 1032 3894 matres

314 3922 438 3977 Attonitae
458 3925 517 3979 siae
536 3939 600 3979 voce
620 3925 728 3991 sedent,
751 3939 802 3979 nec
821 3941 891 3981 cura
910 3923 1005 3996 futuri

318 4004 379 4063 Ulla
398 4013 485 4063 metus
506 4015 607 4064 mentes
628 4009 823 4082 tremefactam
844 4010 931 4066 corda
952 4015 1094 4076 recursat,

313 4090 427 4148 Interea
447 4095 474 4148 si
489 4095 605 4166 flamma
627 4110 726 4151 recens
745 4099 887 4168 maiorque
908 4097 992 4151 ruina

311 4175 457 4247 Concidet,
476 4160 548 4236 iram
569 4182 652 4238 terris
671 4179 752 4249 Ioue,
775 4189 829 4237 tum
846 4198 936 4254 pauor
957 4195 1053 4235 anseris

135 4308 312 4320 *—

175 4374 209 4410 ¹⁸⁰
226 4377 332 4429 Scilicet
348 4378 490 4432 Sabellicus
507 4380 577 4445 (bist.
596 4398 649 4433 rer.
666 4384 756 4433 Venet.
770 4387 790 4430 1.
804 4381 841 4445 l.)
858 4381 908 4431 sibi
921 4386 1090 4444 persuaserat
1109 4383 1156 4428 Vll.
1170 4379 1220 4429 leal.
1236 4381 1340 4444 Apriles
1358 4380 1394 4442 (a.

135 4462 182 4526 le.)
197 4464 344 4527 primda
360 4465 430 4516 urbis
451 4468 604 4518 Venetorum
622 4470 742 4532 coepisse,
762 4484 810 4533 quo
834 4465 940 4522 „coliem
958 4466 999 4514 die
1018 4468 1097 4528 ipsum
1114 4465 1215 4514 bariani
1229 4469 1331 4527 pencris
1346 4483 1393 4529 pru-

135 4553 204 4597 nten
220 4565 238 4598 a
256 4550 305 4600 deo
322 4551 415 4616 optimo
431 4553 581 4615 formatum,
607 4554 685 4617 ipsum
708 4567 806 4617 quoque
829 4551 871 4598 dei
884 4549 961 4612 fllium
979 4551 1004 4598 in
1021 4551 1125 4612 virqinis
1142 4557 1214 4599 eutero
1233 4554 1394 4614 concepturi*

135 4634 200 4684 sinae
217 4635 313 4686 litteris
331 4643 496 4686 testarentur.
561 4635 594 4668 ¹⁸⁴
611 4635 744 4702 vulneris]
765 4636 911 4685 dolenorum
928 4636 1074 4698 incoeptione
1094 4636 1189 4699 inflicti.
1255 4633 1286 4665 ¹⁶²
1304 4635 1392 4684 ocoel-

167 4722 191 4769 l.
247 4720 278 4753 ¹⁷²
297 4719 391 4788 urbes]
412 4723 542 4786 Aquileia,
565 4723 719 4780 Cissea-ordia.
740 4723 849 4771 Altinum
867 4725 994 4786 brumisque
1009 4721 1069 4782 scre
1091 4721 1191 4770 Veneta
1208 4735 1263 4769 ora.

165 4806 298 4858 Ηνττιιι
316 4804 384 4889 fier.
404 4820 467 4857 voa.
480 4806 534 4856 111.
854 4882 859 4891 Ι
1135 4810 1176 4871 20
