3270 5354
285 307 358 379 282
396 308 519 375 urnam
532 337 569 375 ΔΙ)
581 340 661 376 citor.
676 339 789 375 Bvflldli·
804 341 838 375 nit
853 340 941 376 STATV
955 341 1127 379 3013131311.
1163 341 1193 377 1³
1207 341 1464 385 quinquennes.

485 492 560 554 Tum
584 495 707 555 iactasse
729 512 848 573 preces,
872 493 997 557 soluisse
1020 494 1156 557 occidere
1178 495 1292 568 Gallos,

448 616 472 656 ra
571 596 697 656 insontis
719 595 797 657 ilecti
819 615 879 656 non
902 595 1027 658 voluisse
1048 615 1153 675 prece:

485 697 544 758 lam
568 704 681 757 certum
705 703 750 757 est
772 696 889 758 tumims
912 699 998 759 vitam
1019 698 1097 759 hauc
1119 699 1271 762 elluudere
1292 699 1401 768 Gallis;

569 799 614 859 Ilii
638 799 746 869 faxint,
770 799 877 860 horum
900 800 1034 861 concidat
1055 799 1104 861 illa
1126 799 1218 862 malo!

424 946 467 1005 lll-
733 950 856 1001 GALLO
875 951 921 1000 ΑΒ
932 950 983 1008 ,ΒΕ
1002 907 1134 1003 CuESO.⁴

485 1069 497 1129 1
512 1087 630 1129 morere
646 1077 675 1130 et
690 1069 805 1149 Stygias
820 1077 917 1131 tecum
933 1069 1005 1139 hoc,
1022 1069 1119 1139 Galle,
1136 1071 1208 1131 aller
1223 1071 1260 1132 ad
1276 1070 1413 1140 umbras,

570 1170 641 1231 Esse
663 1169 788 1250 aliquem
811 1170 911 1234 Gallos
933 1172 983 1250 qui
1006 1180 1095 1250 neget
1116 1191 1181 1234 esse
1202 1171 1284 1234 deos.

485 1270 541 1341 Qui
562 1273 617 1332 vici
640 1280 735 1333 tamen
759 1280 788 1333 et
809 1291 898 1351 quem
920 1278 952 1333 tu
974 1291 1059 1353 aequo
1081 1274 1159 1335 haud
1181 1281 1276 1335 marte
1297 1275 1411 1353 petisti,

458 1395 471 1435 3
570 1372 692 1434 Ossibus
713 1375 775 1453 ipse
798 1375 855 1433 tuis
876 1373 965 1435 molle
987 1374 1097 1435 cubare
1119 1392 1236 1454 precor.

486 1475 517 1535 ln
540 1493 587 1536 rue
610 1477 739 1554 quinque
761 1475 855 1536 virum
878 1482 926 1535 tua
950 1477 1082 1553 proxima
1106 1475 1226 1537 dextera
1249 1477 1310 1537 visa
1332 1484 1392 1548 est,

569 1576 664 1637 Testis
679 1595 731 1637 cro
746 1584 774 1638 et
790 1576 909 1647 vulnus,
926 1577 1004 1656 quod
1020 1576 1072 1638 tuli
1086 1576 1124 1638 ab
1140 1596 1210 1638 ense
1224 1584 1293 1648 tuo,
1310 1584 1363 1638 est.

423 1726 466 1784 lt.
531 1729 569 1779 ni
588 1729 750 1791 qumque
770 1696 913 1778 333333
932 1730 978 1778 aa
997 1729 1040 1779 33
1059 1729 1324 1782 ruormoaros.

484 1847 549 1908 Non
572 1846 668 1924 pudor
691 1855 749 1915 est,
773 1846 861 1917 Galli,
885 1865 945 1908 uon
968 1855 1012 1908 est
1033 1845 1150 1908 scelusl
1174 1866 1244 1909 ense
1265 1849 1379 1928 petistis

568 1950 661 2010 Unius
683 1948 802 2008 Hutteni
826 1966 951 2026 corpora
975 1951 1104 2029 quinque
1127 1955 1225 2028 caput.

484 2050 555 2111 Fert
577 2050 694 2110 iortuna
717 2048 815 2119 33133,
840 2068 899 2110 333
922 2051 980 2111 1331
1002 2050 1090 2120 deus;
1114 2050 1171 2112 lroo
1194 2069 1250 2130 ego
1272 2050 1368 2111 dicam

457 2175 471 2215 3
568 2151 624 2212 dut
646 2151 750 2231 aliquis
772 2151 850 2211 dicto
873 2153 965 2228 possit
985 2151 1096 2213 habere
1118 2151 1221 2221 fidem,

484 2253 619 2331 Quinque
635 2252 749 2313 dedisse
772 2253 880 2332 lugam,
904 2260 991 2332 atque
1014 2256 1066 2313 uni
1088 2254 1160 2314 dare
1180 2261 1264 2330 terga
1286 2259 1421 2322 coaetos,

568 2355 629 2414 llos
651 2354 806 2432 paulo'ante
830 2355 915 2415 minis
937 2352 1168 2432 verberibusque
1190 2354 1286 2415 leros?

485 2456 527 2517 Ne
550 2463 647 2516 tamen
670 2454 727 2516 ulla
751 2475 817 2516 meo
840 2455 987 2516 scribatur
1009 2454 1101 2534 gloria
1125 2453 1216 2525 iacto,

458 2578 471 2618 3
570 2559 644 2618 Vicit
667 2554 743 2618 enirn
767 2556 880 2626 Gallos,
905 2575 963 2617 non
987 2574 1055 2634 ego,
1079 2558 1211 2636 quinque
1233 2555 1321 2626 deus:

485 2658 559 2720 Vicit
580 2668 609 2719 et
630 2659 777 2720 insontem
798 2658 865 2719 tulit
886 2677 964 2736 aegre
986 2658 1117 2720 inradier
1140 2660 1230 2719 armis

569 2759 730 2830 Et,·nilril,
754 2762 783 2820 in
807 2768 947 2828 monem,
972 2762 1022 2838 qui
1045 2741 1216 2829 meruisset,
1241 2760 1297 2838 agi.

485 2861 584 2925 Gloria
607 2863 701 2940 prima
724 2863 794 2931 deo,
819 2864 869 2940 qui
892 2880 939 2922 me
961 2861 1157 2931 servavit,‘ut
1178 2859 1243 2920 illos

448 2983 472 3024 n
571 2964 728 3032 Perderet‚
753 2969 782 3023 et
805 2964 886 3030 vicit,
910 2979 969 3023 non
993 2980 1063 3040 ego,
1087 2963 1326 3042 quinqueviros.

423 3163 467 3221 15.
529 3168 577 3217 ao
598 3167 776 3228 Qvuunnu
794 3166 909 3217 3333
927 3165 1135 3217 remcorvu
1154 3133 1332 3218 msrouau
1433 3217 1438 3224 ,

838 3251 1019 3302 uamcvu.

486 3353 564 3415 Urbe
587 3353 727 3432 frequens
749 3360 808 3414 tota
832 3360 860 3414 te
882 3353 995 3432 prodit,
1020 3353 1173 3431 episcope,
1196 3369 1300 3412 rumor

569 3457 660 3517 l'osse
682 3455 880 3534 pudendagrae
903 3457 993 3532 pestis
1015 3452 1120 3515 obesse
1142 3446 1235 3513 malo:
1347 3479 1353 3489 ·

485 3557 603 3626 Audivi,
627 3555 729 3629 exilui,
753 3555 872 3618 dubiam
895 3574 963 3634 3333
985 3555 1078 3616 ardua
1100 3557 1230 3616 mentem

458 3679 471 3719 a
570 3658 685 3729 Erexit,
709 3658 840 3736 trepidos
863 3658 1045 3737 deposuique
1068 3664 1174 3718 metus.

485 3760 527 3822 Ne
551 3767 708 3821 contemne
731 3768 829 3821 133333
851 3761 946 3839 siquid
968 3759 1125 3822 Germania
1147 3764 1264 3836 sperat:

570 3862 643 3923 Gum
666 3861 770 3923 illrenii
791 3861 890 3940 'l'agus
912 3870 957 3923 est
977 3863 1095 3922 iunctus
1116 3860 1256 3929 amicitia,

485 3964 657 4042 Regnorum
681 3970 726 4025 est
747 3964 824 4024 idem
846 3963 982 4024 dominus
1004 3968 1162 4040 rectorque
1185 3961 1328 4028 duorum,

459 4087 473 4126 s
570 4066 603 4126 ln
626 4063 736 4127 bellum
758 4071 861 4143 gentes
883 4082 971 4125 causa
993 4065 1054 4142 agit
1075 4082 1133 4124 uua
1155 4062 1243 4133 duas,

485 4168 645 4230 Miscentur
667 4169 770 4229 castris
792 4168 873 4227 socio
896 4169 1059 4228 Germanus
1080 4165 1180 4234 ibero,

570 4270 645 4330 llinc
666 4267 756 4329 habet
777 4276 865 4348 atque
887 4266 966 4329 illlnc
988 4264 1110 4329 Garolus
1131 4267 1298 4344 imperium.

1378 3520 1392 3553 θ

281 4381 483 4389 ——-

352 4421 391 4474 13.
420 4421 432 4454 ⁶
449 4423 567 4473 discissa
584 4422 683 4472 bucca.
703 4421 740 4479 31,
753 4421 805 4471 vol.
818 4420 851 4470 V.
864 4418 884 4470 l.
898 4436 921 4471 o.

352 4507 391 4557 lo.
422 4508 577 4573 Hispanum
597 4509 758 4573 episcopum
777 4505 864 4556 131333
883 4520 917 4556 ex
934 4505 996 4571 ipso
1014 4505 1214 4570 epigrammate
1233 4503 1360 4569 adparet,
1380 4507 1503 4553 ceterum
1521 4515 1570 4551 non

283 4593 348 4642 novi
366 4593 512 4642 hominem.
564 4594 624 4642 Hoc
641 4607 739 4657 quoque
757 4592 898 4655 33133333.
915 4594 941 4641 3.
996 4587 1281 4654 10(1333133113331
1305 4588 1352 4637 avi
1371 4589 1492 4638 materni
1510 4587 1569 4636 Far-

228 4714 231 4719 .
283 4675 397 4726 311333ᾱὶ
416 4677 555 4727 Catholici
577 4680 692 4726 mortem
715 4672 1021 4741 (32313331516.)
1046 4688 1194 4740 regnorum
1216 4675 1276 4725 eiua
1297 4671 1379 4724 horas
1404 4672 1497 4724 iactus
1518 4675 1571 4721 tum
