3270 5354
363 383 488 425 ttvrrnrtt
502 382 539 423 ab
551 380 686 423 candenti
700 380 912 422 itnxrmtrtuvtt
924 379 1148 421 nrrnntuunrrtt
1158 378 1251 421 nibntt.

363 542 425 615 Oua
449 542 533 603 rabie
554 526 671 602 'i'urcus
693 540 814 620 Byzanti
836 540 964 617 perdidit
986 538 1107 606 urbem.

336 666 350 703 o
450 643 515 705 Nou
538 649 673 703 metuunt
696 642 811 709 Veneti,
835 641 886 701 sed
909 641 1044 719 graviora
1067 641 1171 700 terent.

299 809 346 868 84.
601 811 651 861 DE
670 810 761 860 ODIO
780 810 1014 860 t'nmil'runvm.

365 930 500 991 Oderunt
523 929 625 1009 popuii
648 929 789 998 Venetos,
813 928 904 989 odere
926 928 1056 1009 tyranni,

448 1032 565 1111 Quique
588 1028 693 1109 prorui
717 1031 826 1109 quique
848 1030 895 1089 his
918 1012 1097 1107 proximiora
1123 1037 1240 1099 teuent,

364 1132 519 1195 Excidinm
542 1134 641 1194 cuncti
662 1149 861 1210 supremaque
885 1130 942 1191 iata
965 1137 1140 1209 precantur,

338 1252 351 1293 a
450 1232 620 1311 Regnantes
642 1250 729 1293 nemo
753 1232 832 1293 ierre
854 1230 952 1309 potest
975 1232 1109 1292 Venetos.

366 1334 551 1414 dispeream.
575 1341 663 1395 tantm
686 1352 751 1413 quae
775 1334 905 1411 pondera
927 1335 1053 1393 sustinet
1076 1332 1159 1393 urbis

448 1436 480 1497 si
502 1454 555 1498 sua
579 1455 647 1497 cum
670 1435 788 1497 Venetis
810 1435 895 1496 boris
918 1437 1011 1496 amica
1034 1443 1142 1495 manet.

301 1601 349 1661 85·
443 1606 493 1656 DE
512 1605 635 1656 PVGNA
652 1603 929 1655 MEDIOLANENSI
947 1604 983 1653 IN
1004 1604 1180 1654 VENETOS.

364 1722 508 1785 insobriat
530 1723 667 1785 cocidere
689 1725 797 1793 duces,
822 1725 880 1783 ruit
903 1722 1020 1783 ilelreta
1044 1721 1153 1800 pubes,

450 1824 565 1887 Gaudet
587 1833 616 1886 et
638 1827 667 1885 iu
691 1827 785 1904 patria
807 1824 888 1886 iiana
913 1824 1074 1902 triumphat
1096 1841 1180 1903 aqua.

365 1926 424 1987 Fer
446 1927 577 1996 modice,
603 1946 657 1988 nuc
679 1934 708 1989 te
732 1930 856 1988 nimium
878 1927 1067 1988 successibus
1089 1927 1174 1988 effer:

341 2044 374 2090 ι’
453 2028 632 2107 Perpetuum
658 2048 716 2089 uon
741 2036 785 2091 est
806 2030 864 2090 hoc
886 2028 953 2097 tibi,
977 2027 1073 2097 iiana.
1098 2027 1225 2095 bonum;

367 2128 484 2209 Optima
507 2149 630 2210 qrranque
653 2149 739 2192 suum
763 2133 821 2191 cito
844 2132 959 2209 periioit
980 2130 1053 2190 bora
1077 2138 1226 2198 touorem,

451 2230 542 2292 Nutat
563 2231 593 2291 in
615 2232 755 2311 ambiguo
777 2250 843 2292 sors
865 2231 999 2293 maiedda
1022 2239 1107 2293 statu.

366 2330 440 2394 Cum
462 2332 562 2393 rideas
584 2333 656 2393 nihii
680 2352 744 2395 esso
767 2334 834 2402 diu,
858 2334 997 2395 mutanda
1020 2342 1144 2414 repente

341 2452 356 2495 a
454 2432 575 2505 omnia,
599 2453 654 2514 per
675 2437 770 2497 varias
793 2436 836 2496 ire
859 2436 956 2498 redire
980 2437 1070 2505 vices,

343 2564 346 2569 ·
368 2534 433 2597 lioc
454 2543 539 2615 potes
561 2543 667 2598 euentu
690 2536 838 2598 celebrem
862 2538 984 2598 ductare
1006 2538 1205 2617 triumphurn,

456 2637 561 2701 Nescia
583 2656 649 2717 quae
670 2638 803 2718 sequitur
826 2639 895 2717 quid
920 2640 995 2700 ierat
1016 2640 1089 2701 bora
1112 2639 1185 2700 tibii

369 2736 430 2801 Fer
449 2739 580 2811 modice,
604 2756 659 2801 noc
681 2747 710 2801 te
732 2742 853 2825 nimium
877 2741 1063 2803 successibus
1085 2742 1172 2802 otior:

332 2860 358 2901 m
457 2839 548 2903 Multa
570 2843 628 2903 cito
651 2844 772 2903 veniunt
794 2841 858 2903 iaeta
881 2842 1050 2922 abeuntque
1072 2844 1139 2905 cito.

305 3022 356 3085 tt
430 3026 481 3079 on
499 3026 729 3081 ruonrrmun
748 3030 821 3080 run
838 3029 988 3081 urmrns
1007 3030 1205 3081 nnnuuuos

741 3114 890 3165 namn.

290 3258 298 3267 ·
372 3230 437 3293 Nou
459 3238 544 3311 captu
567 3241 611 3294 est
633 3234 729 3303 ierro,
752 3252 854 3294 rerum
877 3252 950 3295 auro
973 3235 1070 3296 Brixia
1092 3240 1177 3312 capta
1200 3241 1260 3294 est:

457 3332 645 3396 Perdidimus
665 3335 774 3417 tamam
796 3336 1040 3415 perdidimusque
1062 3335 1160 3395 iidem.

372 3434 438 3497 iioo
458 3434 496 3497 de
518 3436 693 3499 Germanis?
715 3444 767 3497 aut
788 3439 836 3497 cui
859 3445 955 3499 metus
976 3445 1043 3498 ante
1066 3436 1194 3498 subisset

347 3556 359 3598 i
458 3536 503 3599 Ne
524 3539 680 3617 quisquam
703 3537 759 3598 bos
780 3538 908 3618 populos
929 3540 1096 3617 proditioue
1118 3539 1220 3599 notet?

373 3637 560 3701 Perdidimus
581 3639 705 3709 samam,
729 3642 823 3711 cives,
847 3648 877 3702 et
897 3641 1024 3719 turpiter
1047 3642 1111 3702 ausi

458 3738 604 3803 Omnibus
625 3741 756 3803 externis
778 3741 877 3815 iabuia
899 3741 975 3803 ioeda
998 3760 1110 3804 sumus.

374 3840 420 3905 nti
443 3842 569 3921 perdant
590 3842 704 3905 facinus
726 3842 835 3921 quibus
857 3843 915 3904 boc
936 3844 1088 3905 autoribus
1111 3850 1209 3905 actum
1232 3851 1293 3914 est,

347 3960 363 4005 o
387 3934 390 3939 ’
459 3942 518 4006 i'er
538 3962 614 4023 quos
635 3944 699 4007 baec
721 3944 807 4007 ioman
828 3949 959 4009 nascitur
980 3946 1167 4025 improbitas!

168 4128 220 4185 sat
239 4118 516 4197 ήμφηςἍὶιμήδης
535 4120 565 4195 ἐξ
575 4122 724 4195 Ἀρκαδίας
743 4128 785 4193 εἰς
797 4132 912 4197 Συρίαν
928 4119 1003 4199 ἦλθε
1022 4130 1071 4184 καὶ
1089 4122 1336 4199 notaripoivopor
1349 4125 1467 4185 ἔκτισεν.

169 4217 238 4283 Epi.
251 4212 379 4283 [nnnehz
402 4214 445 4269 bit
462 4212 607 4271 iiiimibdtt
624 4214 783 4273 iiotttaiiud.
797 4215 836 4283 (bl
868 4219 938 4267 Puto
958 4222 1049 4268 autem
1069 4217 1094 4267 b.
1108 4217 1125 4267 l.
1140 4232 1194 4267 nou
1212 4216 1246 4267 de
1264 4216 1396 4281 Pompeio
1414 4216 1470 4265 Da-

169 4316 296 4353 mueun
313 4306 499 4367 expugnante,
519 4301 568 4351 sed
586 4301 620 4351 de
633 4302 799 4353 Temeriano
817 4320 843 4354 e.
858 4302 930 4353 1401.
944 4303 1039 4353 urbem
1057 4301 1204 4366 diripiente
1217 4301 1281 4363 diei,
1300 4306 1331 4349 ut
1343 4302 1470 4366 sequenti

169 4402 197 4438 v.
216 4384 253 4435 de
271 4383 515 4451 constantinopoli
534 4400 559 4433 a.
575 4384 649 4435 1453.
663 4393 756 4452 coptu.
809 4387 820 4418 ⁷
838 4388 949 4437 bizonti
967 4389 1027 4436 edd.

241 4468 286 4521 34.
315 4468 327 4501 ⁸
344 4484 396 4520 sue
407 4466 501 4535 Doris]
515 4485 590 4520 moro
603 4470 797 4521 iludriuticum
812 4472 859 4531 (oi.
873 4471 979 4536 Vergil.
990 4470 1041 4520 eol.
1056 4469 1133 4531 lits.)
1147 4485 1249 4535 sponsa
1261 4471 1362 4520 Veneti
1381 4471 1469 4522 ducis.

240 4552 286 4607 ³5.
315 4555 434 4606 Aestate
453 4569 479 4604 ι.
494 4554 568 4604 ΙῧΙῖ.
622 4552 630 4586 ¹
649 4551 719 4621 Ina]
740 4555 899 4606 Mediolani.
955 4553 975 4586 ¹²
994 4554 1061 4604 tuta
1081 4558 1104 4605 t.

242 4636 287 4691 db.
316 4638 413 4689 Etiam
431 4638 585 4689 Cerdonem
606 4639 693 4689 Gusto
711 4640 745 4689 de
764 4640 879 4691 Poissoo
898 4655 964 4689 nmo
984 4641 1173 4705 corrnpit‚·m.
1187 4640 1269 4689 biart.
1283 4656 1309 4690 a.
1324 4640 1398 4691 151'2.
1427 4641 1471 4692 Cf.

171 4722 203 4781 ἵε
220 4722 285 4779 Sui
300 4724 338 4775 11.
351 4726 377 4775 2.
390 4740 417 4791 p.
429 4722 489 4773 988.
