3270 5354
550 375 670 410 urrunnu
686 374 714 409 ιιι
728 360 856 413 sauros'a
870 375 940 411 rrxxr
955 375 1070 412 stanna.

636 1243 673 1306 ΙΝ
697 1242 873 1305 'inurunt
896 1243 983 1305 tutti

734 1362 887 1425 sartan.

368 1519 432 1581 Hoc
453 1535 537 1579 mens
559 1515 606 1579 illa
630 1517 798 1587 bominum,
821 1522 936 1596 partem
959 1516 1062 1576 sortite
1085 1514 1208 1577 deorum

368 1620 405 1682 Et
426 1637 495 1698 pers
517 1621 578 1700 ipsa
601 1618 662 1688 dei,
685 1620 794 1698 patitur
816 1638 849 1679 se
871 1635 974 1679 errore
996 1618 1110 1679 teneri?

368 1722 427 1784 flas
449 1722 508 1783 ruit
529 1723 558 1782 in
582 1720 737 1783 tenebras?
759 1720 833 1781 arico
855 1722 918 1780 sine
941 1719 1050 1781 iumine
1072 1721 1182 1791 fertur,

368 1823 406 1885 Ut
427 1821 539 1886 sceiere
561 1824 615 1884 iste
638 1822 713 1883 latro
735 1821 865 1902 pollutus
886 1820 975 1883 lulius
998 1822 1078 1882 omni

343 1924 424 1988 sCui
445 1924 513 1988 vetit
533 1923 669 1986 occludat
691 1922 811 1993 coelum,
834 1942 997 2002 rursusque
1020 1922 1153 1985 recludat

369 2026 421 2089 Cui
443 2025 525 2113 uelit,
550 2034 578 2090 et
600 2028 692 2106 possit
713 2032 863 2087 momento
886 2044 1032 2106 quemque
1054 2025 1172 2087 beatum

369 2129 508 2198 Efficere,
532 2136 582 2190 aut
604 2137 722 2198 contra,
746 2135 888 2208 quantum
912 2129 1094 2208 quiscunque
1117 2127 1193 2189 bene
1216 2127 1275 2206 egit

370 2231 406 2292 Et
426 2233 496 2292 vixit
517 2230 609 2301 hene,
632 2233 657 2293 si
678 2230 793 2301 iubeat,
816 2230 974 2293 detrudere
998 2231 1090 2309 possit

370 2332 413 2395 ‚td
435 2334 549 2415 Stygias
571 2352 673 2413 poeuas
695 2340 724 2395 et
737 2333 846 2395 Averni
868 2332 989 2394 Tartara
1012 2332 1099 2403 uitis,

333 2434 422 2505 tant,
445 2435 523 2515 quod
545 2453 606 2496 non
629 2435 718 2498 babet
738 2437 816 2514 ipsc,
841 2434 904 2496 aliis
926 2435 1097 2505 divendere,
1122 2433 1246 2496 coelumi

370 2539 469 2618 Usque
492 2538 565 2600 adeo
588 2539 683 2599 errori
705 2538 799 2599 divina
823 2536 948 2598 obnoxia
972 2555 1055 2599 mens
1077 2544 1135 2616 est,

370 2638 407 2701 Ut
428 2641 604 2719 piscatorem
627 2658 713 2719 posse
736 2641 833 2701 omnia
856 2648 972 2701 vertere
994 2638 1089 2700 lulum

371 2740 477 2805 Credat
499 2748 528 2802 ct
547 2743 637 2803 inrito
659 2740 749 2803 coelos
771 2742 937 2820 expendere
960 2741 1094 2802 Christo?

370 2843 408 2905 Et
429 2861 508 2905 nunc
530 2842 578 2905 itte
602 2862 705 2923 vagum
727 2844 840 2923 spargit
861 2845 1006 2922 promissa
1028 2862 1082 2923 per
1105 2843 1224 2915 orbem,

334 2966 357 3007 n
372 2945 428 3018 Qut
450 2944 559 3007 cedem
584 2953 613 3008 et
634 2945 725 3007 turias
746 2945 947 3026 scelerataque
970 2952 1063 3006 castra
1086 2953 1246 3025 sequantur

370 3047 408 3110 Se
431 3048 520 3117 duce,
543 3056 575 3108 nt
597 3047 642 3109 bis
664 3046 769 3109 coslum
792 3056 902 3127 pateat:
926 3066 983 3126 qua
1007 3046 1109 3107 fraude
1131 3054 1173 3106 tot
1195 3046 1285 3107 urbes

369 3150 406 3212 Et
427 3158 470 3211 tot
492 3150 620 3230 perdidit
641 3148 689 3212 itte
712 3150 812 3224 duces,
836 3158 878 3211 tnt
900 3148 977 3210 mitia
1000 3150 1087 3224 murti

370 3240 517 3324 Tradidit,
542 3260 571 3315 et
591 3252 675 3332 pulsa
699 3252 811 3313 induxit
832 3251 908 3313 beda
930 3252 1008 3311 acria
1031 3268 1119 3329 pace.

370 3353 634 3434 'tranquillumque
656 3355 705 3416 diu
728 3353 912 3416 discordibus
934 3353 1028 3413 induit
1048 3353 1138 3413 armis

333 3476 358 3517 u
373 3454 409 3516 Et
430 3456 542 3518 scelere
565 3455 694 3536 implevit
716 3457 873 3524 mundum,
898 3456 998 3534 fasque
1020 3473 1108 3516 omne
1130 3455 1270 3534 nefasque

371 3558 499 3628 Miscuit,
523 3560 612 3637 inque
635 3561 689 3621 isto
713 3565 832 3620 caneret
853 3577 920 3619 cum
943 3557 1063 3619 classica
1083 3565 1181 3627 motu,

372 3659 518 3739 Naufraga
542 3660 648 3741 direpti
670 3661 751 3721 finxit
773 3662 950 3739 patrimonia
972 3661 1052 3722 Petri

371 3761 492 3823 Vindice
513 3780 545 3824 se
567 3761 645 3824 bello
668 3779 801 3822 asserere
823 3770 910 3841 atquc
933 3762 1068 3824 ulciscicr
1090 3763 1189 3823 armis.

371 3861 495 3943 Quoque
517 3866 614 3926 minus
636 3863 690 3926 sibi
714 3862 803 3923 rerba
827 3864 890 3924 clari
912 3866 978 3944 quis
999 3864 1119 3934 sentiat,
1142 3862 1245 3942 implet

332 3986 358 4028 ns
373 3966 523 4029 Maiestate
545 3967 641 4036 netas,
664 3974 693 4026 et
714 3964 905 4044 stipatoribus
926 3965 981 4027 iliis

168 4152 236 4203 Reae
259 4153 348 4203 antire
372 4168 432 4203 eum
455 4153 597 4220 epitaphio
620 4153 661 4204 ite
683 4159 746 4219 post
768 4153 995 4219 epigrammatum
1019 4153 1054 4203 nd
1071 4151 1291 4203 Meximilinnum
1310 4152 1408 4204 librum
1428 4169 1455 4205 e.

169 4235 242 4288 1519.
256 4237 361 4288 editum
378 4237 454 4301 (Ind.
468 4238 534 4289 bibl.
548 4240 606 4289 XX.
622 4238 662 4304 l.)
687 4244 749 4289 ante
773 4238 912 4289 heroicum
935 4238 969 4290 de
992 4239 1136 4304 piscature
1153 4238 1320 4288 Venetorum
1338 4237 1454 4304 legitnr3

168 4322 326 4372 recentiora
344 4321 471 4389 exempla
483 4324 552 4379 (XX.
566 4324 653 4387 2...4.)
666 4329 727 4388 post
740 4325 941 4389 epigrammata
960 4338 992 4371 ex
1011 4322 1078 4373 urbe
1091 4323 1174 4372 misse
1186 4324 1299 4373 satiram
1314 4322 1454 4375 exhibent.

168 4407 254 4458 Exest
272 4406 358 4457 etiem
375 4408 405 4457 in
418 4406 581 4474 Pesquillor.
601 4412 665 4458 tom.
678 4409 713 4457 11.
727 4425 753 4474 p.
766 4406 870 4458 89...91.
891 4416 919 4459 et
935 4408 964 4456 in
982 4407 1123 4483 Paaquilto
1142 4409 1264 4459 extetico
1275 4424 1301 4474 p.
1317 4406 1454 4458 1⁸4...1uu.

234 4560 306 4612 Hae
329 4575 436 4627 qnoque
460 4562 548 4612 satire
571 4560 687 4611 Lntberi
711 4562 828 4612 tbosium
851 4560 1041 4627 publicatione
1066 4562 1204 4626 antiquior
1226 4569 1278 4613 est.
1314 4563 1358 4612 (Ὺ.
1372 4578 1455 4629 supro

168 4647 257 4713 epigr:
274 4646 402 4712 iddaqq.
449 4639 470 4678 '⁸
488 4660 589 4711 quodq)
604 4651 638 4714 1.Ι
684 4646 731 4696 ⁷i.
745 4662 769 4696 e.
784 4652 1030 4712 quantumcumque
1050 4648 1111 4712 quis
1128 4647 1199 4697 bene
1219 4648 1317 4714 egerit.
1380 4646 1399 4680 ¹³
1418 4648 1454 4699 ct‘.

167 4732 256 4798 epigr.
269 4730 327 4782 147.
340 4747 367 4782 u.
379 4730 405 4781 8.
460 4730 480 4762 ¹⁷
498 4731 535 4781 cf.
550 4735 636 4798 epigr.
653 4731 708 4781 itt.
722 4749 746 4783 v.
765 4732 803 4782 10.
855 4731 944 4781 millia
963 4735 1034 4783 2...t.
1087 4730 1109 4763 ¹⁴
1128 4730 1262 4798 verbodl
1282 4731 1370 4783 illudi.
