3270 5354
133 378 205 431 mi
213 392 545 431 mmmm-MV!
555 392 591 428 Π
600 390 711 427 ΒΙΜΝΙ
721 390 749 427 ΙΙ
759 390 884 427 vlnl'rott
894 388 1263 433 ΡΙΟΒΙΜΧΗΟΜΔΤΟΒΝΙ.
1295 357 1367 431 127

283 548 366 611 anne
386 549 500 609 animos
522 564 631 618 cause,
655 564 692 607 ne
713 554 742 607 te
764 546 921 605 commorit
941 543 1082 614 inultum,

369 650 424 713 Cui
443 667 525 711 nunc
546 651 682 711 maiestas
703 647 821 710 sordida
844 636 917 708 lacta
942 654 990 708 tua
1013 653 1070 713 ost;

286 753 340 817 Coi
360 770 456 822 nunc,
478 751 558 832 quod
580 753 684 830 patriis
706 769 738 812 es
758 751 842 811 tarde
864 748 974 809 viribus
995 767 1081 818 usos,

247 875 275 917 oa
368 855 548 917 Germanum
571 855 665 915 visum
688 861 732 913 est
753 851 948 928 degenerasse
970 851 1070 913 decus.

285 956 362 1028 nuto
383 957 463 1037 quod
484 957 513 1017 in
536 974 617 1017 arma
640 963 744 1016 vocant
766 961 795 1013 et
817 961 845 1014 te
866 955 977 1032 petiere
999 954 1133 1031 priores?

370 1058 416 1120 Ab
436 1057 529 1139 pudet
549 1076 566 1118 a
588 1056 705 1118 Venetis
728 1054 890 1133 quemlibet
910 1055 964 1116 ista
985 1057 1055 1133 pati.

286 1160 344 1224 Sed
364 1159 474 1241 quibus
495 1178 512 1219 a
535 1159 669 1220 Venetis?
691 1177 707 1218 a
730 1156 923 1236 piscatoribus
945 1155 1015 1226 illis,

248 1282 275 1323 π
368 1262 528 1324 bloenia‘in
549 1260 688 1339 Enganeo
711 1262 761 1337 qui
783 1277 909 1338 posuere
932 1258 1026 1321 ireto:

285 1335 359 1427 Narin
380 1365 433 1443 qni
453 1380 533 1427 nnnc
554 1369 650 1423 terras
670 1360 728 1422 lata
750 1361 866 1422 dicione
888 1360 1070 1438 gubernant,

368 1467 391 1527 Α
414 1464 523 1545 quibos
544 1464 602 1525 boc
624 1464 718 1541 ipsum
742 1481 821 1523 nunc
842 1481 925 1525 mare
948 1481 1055 1524 nomon
1079 1462 1182 1530 babet.

284 1566 322 1629 Et
343 1568 394 1647 qui
414 1566 578 1629 Germanas
599 1567 661 1627 ansi
683 1572 873 1626 contemnere
894 1565 986 1633 vires,

179 1652 182 1657 ¹
247 1691 274 1731 n
367 1668 400 1729 ln
421 1676 451 1730 te
472 1668 615 1749 precipiti
637 1666 770 1736 turbine,
794 1667 905 1736 Cesar,
929 1676 1014 1736 eunt,

285 1770 347 1833 llos
367 1768 472 1850 aliquis
492 1769 628 1831 scabram
650 1770 794 1849 piscatum
817 1768 926 1830 ducere
948 1768 1082 1849 cymbam

368 1870 445 1933 Vidit
465 1879 496 1933 et
515 1862 673 1933 Adriacum
695 1868 782 1933 lintre
804 1888 906 1932 secare
929 1856 1068 1931 vanum(

285 1972 384 2054 Ipsum
406 1974 509 2043 etiam,
533 1980 621 2035 tantae
642 1972 725 2033 urbis
747 1991 837 2051 opus,
861 1972 1018 2034 cultissima
1041 1991 1141 2034 rerum

247 2098 276 2141 a·
314 2116 320 2127 ι
367 2074 473 2137 Moenia
497 2076 578 2153 etin
599 2075 696 2136 medio
719 2076 830 2136 consita
853 2093 945 2153 regna
966 2075 1056 2145 mari,

286 2174 436 2257 Ductaque
458 2178 635 2238 marmoreis
657 2176 786 2254 ingentia
808 2184 885 2237 tecta
908 2175 1067 2246 columnis,
1137 2178 1145 2209 ·'

373 2277 463 2343 Tecta
485 2276 531 2340 vel
551 2279 661 2340 auratis
682 2276 835 2357 splendida
859 2276 1049 2348 culminibus,
1071 2272 1073 2278 ’

287 2380 417 2460 Quaeque
439 2397 531 2461 snper
551 2377 624 2441 nibil
648 2386 692 2441 est
712 2379 841 2441 hnmano
863 2379 963 2452 nobile
985 2380 1070 2452 luxu,

247 2502 274 2543 st
368 2482 400 2544 Si
421 2499 536 2562 quaeras
555 2480 648 2565 funde
671 2479 740 2541 estl’
763 2500 821 2543 una
844 2483 946 2560 rapina
969 2481 1031 2543 luit.

285 2582 384 2645 Prima
405 2584 525 2663 quidem
546 2585 628 2661 genti
649 2582 777 2662 Phrygio
801 2583 838 2646 de
859 2584 1001 2662 sanguine
1024 2587 1107 2665 origo

368 2686 464 2765 btqrre
485 2686 663 2747 Antenoreis
684 2685 794 2762 prodiit
816 2704 832 2745 a
855 2686 987 2755 Venetis3
1076 2713 1079 2719 ·

287 2875 361 2933 noto
382 2875 487 2932 animos
509 2891 611 2938 canem,
634 2890 686 2930 nec
708 2882 734 2931 te
756 2876 901 2932 commorit
924 2876 1039 2934 inultum

252 2976 278 3017 to
371 2960 419 3018 Cui
443 2978 514 3017 nunc
535 2960 662 3029 maiestas
685 2959 793 3017 sordida
815 2961 884 3016 lacta
907 2971 954 3017 tna
976 2972 1033 3024 est,

286 3044 335 3102 oui
357 3062 442 3108 nune.
465 3045 538 3119 quod
559 3044 656 3119 patriis
677 3058 709 3101 es
733 3045 811 3100 tarde
832 3046 934 3103 viribus
958 3064 1037 3107 usus.

369 3130 529 3187 Germanum
551 3130 638 3187 visum
660 3140 703 3186 ost
723 3120 908 3203 ‹legenerasse'
924 3131 1016 3188 decus.

286 3212 354 3282 uoto
376 3215 448 3290 quon
471 3214 500 3271 in
521 3231 595 3271 arma
616 3223 714 3271 vocant
736 3224 763 3270 et
786 3223 812 3270 te
834 3217 939 3288 petiere
961 3217 1085 3290 priores?

247 3316 274 3356 tn
368 3300 409 3357 Ab
426 3301 579 3373 puderent
600 3300 735 3357 Pntooum
757 3317 811 3355 non
833 3301 935 3357 sitiisse
953 3301 1072 3374 nephas.-

285 3383 351 3443 Nam
373 3385 419 3460 qni
441 3400 514 3442 nnnc
536 3393 625 3442 terras
647 3383 700 3441 lata
722 3385 826 3441 ilitione
848 3384 1015 3458 gubernant,

369 3469 514 3545 liquibus
536 3470 588 3527 boc
611 3470 699 3544 ipsum
723 3488 794 3527 nnnc
815 3487 888 3526 mare
910 3488 1008 3528 nomen
1031 3468 1127 3533 babet.

286 3553 318 3611 tn
340 3555 389 3630 qui
410 3554 556 3612 Germanos
578 3555 636 3611 ausi
659 3562 765 3611 tentore
785 3556 914 3627 furores,

247 3654 274 3699 nt
368 3640 397 3696 ln
421 3648 447 3696 te
469 3640 603 3715 praecipiti
625 3639 748 3702 turbine,
770 3639 874 3704 Caesar.
897 3650 977 3703 eunt,

214 3780 217 3784 .
285 3723 341 3782 llos
362 3724 462 3799 aliquis
484 3726 621 3782 Patnnom
643 3726 775 3798 piscatum
798 3725 897 3782 ducere
920 3726 1042 3800 cymbam

371 3809 443 3867 vion
464 3819 492 3866 ct
514 3810 657 3867 adriacum
681 3809 761 3866 lintre
784 3828 876 3866 secare
897 3811 1010 3882 fretum.

287 3892 377 3969 ipsum
399 3896 494 3959 etiam.
517 3902 598 3953 tantm
621 3895 695 3951 urbis
718 3912 800 3969 opus,
824 3894 973 3952 cultissima
996 3915 1086 3953 rorum

247 3994 274 4037 to
367 3978 463 4037 llcenia
485 3989 513 4036 et
535 3981 562 4036 in
584 3979 673 4037 melio
694 3981 800 4037 consita
822 3997 906 4054 regna
929 3982 1012 4044 mari,

286 4064 423 4139 lluotaqne
444 4065 604 4121 marmoreis
627 4064 746 4138 ingentia
768 4074 839 4122 tecto
860 4065 1009 4128 columnis.

372 4149 453 4207 ‘lecta
474 4149 517 4205 vel
539 4151 642 4207 auratis
664 4148 804 4224 splendida
828 4150 1003 4212 culminibus,

286 4231 407 4308 Quaeque
428 4252 513 4309 super
534 4234 601 4290 nibil
624 4244 667 4292 est
689 4236 805 4291 bumano
828 4234 919 4291 nobile
943 4234 1020 4295 luxu.

248 4334 285 4377 ³2·
372 4320 399 4375 Si
422 4337 530 4395 quaeras
553 4320 633 4377 ‘uncle
655 4320 722 4376 est?¹
744 4322 803 4375 solo
824 4321 916 4393 rapina
939 4319 999 4375 luit.
1329 4336 1374 4386 (st)

133 4424 289 4439 m

147 4484 173 4521 ¹¹
189 4483 364 4537 celemion
380 4484 416 4535 de
433 4486 577 4551 piscatura
589 4486 687 4535 Venet.
701 4489 730 4535 et
742 4485 828 4534 More.
887 4482 909 4515 ⁷²
927 4486 1060 4548 Engsneo
1074 4480 1155 4548 freto]
1176 4484 1239 4534 sinn
1256 4485 1371 4535 Veneto.

133 4566 169 4621 it.
180 4566 298 4619 heroica
314 4569 375 4619 citt.

149 4650 174 4687 ⁸
189 4654 338 4707 Patavium
356 4654 392 4704 ab
410 4655 521 4705 Andron
539 4654 629 4704 Gritlo
648 4659 759 4719 captum
778 4660 1017 4719 expugnantemque
1037 4659 1249 4719 recuperaturus
1272 4655 1375 4706 lrustre

133 4744 228 4806 runai
246 4738 367 4791 cesaris
386 4741 526 4791 exercitus
544 4756 605 4791 cnm
623 4740 708 4789 sociis
727 4754 752 4788 o.
768 4738 841 4788 1500.
894 4736 915 4769 ²¹
934 4739 1062 4805 precipiti
1083 4743 1105 4790 1.
