3270 5354
634 734 811 795 rerussuo
832 723 991 795 cursous.

234 886 288 948 Qui
311 901 397 952 nuper
414 885 531 935 Huttcni
553 887 640 936 vitam
663 887 790 952 scripsit,
814 886 989 936 doetIssimus
1011 885 1103 937 Dauid
1120 886 1281 937 Friderieus
1298 885 1454 954 Stranasim,

167 971 200 1019 de
218 969 300 1020 huius
318 969 461 1036 Triumphi
481 975 607 1032 auctore,
631 976 720 1020 utrum
744 972 768 1020 is
786 971 961 1020 Hermanuus
978 970 1115 1020 Buschius
1139 987 1176 1021 an
1192 971 1306 1022 Ulricus
1323 972 1448 1022 Huttenus

167 1055 264 1117 luerit,
290 1055 434 1121 disputans
453 1053 490 1118 (1.
504 1071 530 1120 p.
545 1053 603 1106 216.
617 1054 692 1119 sqq.)
717 1055 870 1106 rationibus
896 1060 924 1105 et
946 1056 1116 1121 argumentis
1139 1059 1246 1106 tautum
1263 1071 1319 1106 nou
1337 1056 1449 1108 omuibus

168 1139 242 1201 (nam
261 1139 350 1191 adirem
368 1139 462 1190 omnIa
478 1154 559 1189 nemo
578 1139 703 1190 conferre
722 1138 825 1206 potest)
844 1155 905 1207 quse
923 1156 972 1206 pro
991 1139 1080 1190 altero
1096 1143 1159 1191 ntro
1176 1139 1297 1205 iaciunt,
1315 1139 1401 1191 multa
1416 1140 1448 1189 di·

167 1223 284 1290 ligentia
302 1228 330 1273 et
348 1224 508 1289 sagacitate
528 1223 648 1274 conlatis
661 1225 714 1274 sibi
728 1224 847 1289 denique
860 1226 999 1291 persuasit
1011 1224 1163 1274 Huttenum
1176 1224 1288 1290 quidem
1300 1214 1449 1276 carminisa

167 1308 288 1359 Buschio
302 1309 385 1375 coepti
398 1307 580 1374 principalem
594 1314 734 1359 auctorem
748 1324 822 1368 esse,
835 1309 884 1359 sed
902 1309 983 1364 ‘bites
995 1308 1039 1373 Ibit
1052 1309 1094 1374 llll)
1106 1308 1175 1372 tuebl
1187 1323 1230 1362 um
1242 1307 1376 1376 tristetur
1389 1308 1449 1374 butu

167 1393 205 1446 bie
223 1391 434 1462 licrouelesuug,
454 1392 502 1458 tab
522 1393 559 1447 bie
578 1391 685 1458 &sitiit
704 1393 751 1448 mie
770 1394 800 1458 tir
819 1392 869 1460 irat
887 1406 934 1449 uer
952 1397 1004 1447 irus
1022 1394 1091 1463 lieet,
1110 1392 1229 1460 mittent
1248 1392 1291 1447 brt
1308 1392 1363 1446 uirt
1379 1392 1449 1458 Boiu

167 1476 274 1542 [1511.
290 1476 384 1543 1518.)
404 1478 442 1531 bit
460 1478 491 1543 Ire
511 1476 538 1532 iu
556 1478 602 1532 beu
615 1476 821 1544 sunamitides
833 1476 935 1542 stetim
948 1476 1046 1542 uertici,
1058 1488 1110 1532 oca
1122 1476 1306 1545 mrimicbrnut
1318 1476 1449 1540 baleius

167 1561 334 1616 testerbant
346 1563 447 1618 morbus
460 1561 515 1628 leit
537 1561 704 1628 eandemque
718 1564 886 1613 senteutiam
899 1564 927 1612 in
940 1561 992 1612 fine
1006 1562 1071 1612 libri
1089 1560 1137 1626 (11.
1150 1579 1176 1629 p.
1190 1561 1262 1626 369.)
1280 1563 1449 1629 Triumphum

167 1648 240 1697 iuter
258 1664 293 1697 ea
310 1649 422 1714 scripte,
441 1663 502 1713 qum
514 1647 638 1698 Hutteno
657 1653 706 1697 aut
724 1653 783 1698 tota
801 1663 855 1698 uon
874 1651 922 1697 aut
939 1663 992 1698 nou
1005 1652 1064 1698 tota
1078 1647 1264 1698 adscribenda
1278 1653 1380 1711 esseut,
1399 1663 1451 1698 cou-

166 1731 283 1783 locando
302 1733 423 1798 repetiit.
458 1733 564 1782 Fateor
582 1734 610 1782 in
628 1731 712 1783 simili
731 1733 875 1799 opinione,
903 1747 964 1783 cum
982 1731 1137 1783 Straussius
1160 1731 1310 1791 scriberet,
1335 1748 1378 1782 me
1397 1748 1450 1798 quo·

167 1832 219 1882 que
238 1816 337 1880 fuisse,
362 1818 486 1882 quamvis
506 1817 549 1866 ‘de
568 1818 685 1869 diversis
704 1818 863 1868 auctoribus
881 1832 979 1883 poema
998 1816 1223 1868 retractantibus
1241 1833 1298 1867 non
1316 1832 1450 1869 conseme·

166 1903 217 1951 rim
236 1917 296 1951 cum
315 1902 495 1952 concederem
514 1903 625 1952 iudiciis
647 1904 829 1968 vestigiisque
853 1903 1036 1954 demonstrari
1059 1898 1127 1967 „tub
1144 1900 1243 1968 butten
1262 1902 1303 1956 tu
1321 1899 1451 1956 hictarius

166 1988 218 2040 trab
237 1986 289 2043 toci
307 1987 365 2049 uum
378 1984 579 2052 bcuptueriuier
593 1987 632 2040 ber
646 1986 841 2056 metbcritbigru
854 1986 959 2050 <sutile
979 1986 1040 2050 tirio
1052 1984 1175 2055 subagras
1187 1985 1242 2040 citu
1255 1983 1310 2049 iim
1323 1986 1371 2040 mit
1383 1986 1450 2049 huin

166 2070 331 2141 genetricum
350 2070 438 2126 titbcit
457 2069 503 2137 ici,
527 2082 579 2126 bon
598 2071 726 2136 huldeni
745 2071 909 2136 Itiumbbue
933 2070 962 2134 iil
980 2071 1057 2132 brier
1075 2071 1133 2136 euti
1152 2069 1234 2135 futter
1251 2069 1317 2135 uicit
1335 2072 1404 2136 mehr
1419 2071 1450 2124 tir

167 2155 261 2221 tirbe‘,
280 2163 328 2207 aut
346 2172 407 2207 enm
425 2157 575 2207 scriberem
594 2155 806 2223 (scurpeus.
821 2157 838 2208 i.
853 2156 884 2219 i.)
903 2171 1015 2207 carmen
1035 2170 1176 2206 commune
1194 2156 1312 2207 Buschii
1330 2157 1449 2208 Huttcni·

167 2257 218 2306 quc
232 2258 300 2308 opus
312 2241 409 2293 videri.
440 2257 512 2291 nuuc
526 2246 618 2291 autem
631 2242 808 2308 Triumphum
821 2241 940 2292 Huttcni
957 2256 1025 2306 opus
1043 2256 1112 2299 esse,
1131 2240 1207 2302 (nam
1224 2241 1260 2291 de
1278 2241 1340 2307 ipso
1353 2241 1449 2292 Reueh-

165 2326 222 2376 lino
241 2332 354 2377 auctore
373 2341 451 2376 nemo
470 2341 553 2376 sanus
570 2325 653 2376 hodie
672 2327 816 2393 cogitarit,
836 2331 911 2393 puto,
931 2341 1020 2390 neque
1033 2325 1057 2376 si
1069 2325 1145 2376 illius
1158 2325 1193 2376 ad
1206 2325 1448 2394 Questenberginm

167 2411 321 2476 epistulam,
341 2427 424 2478 supra
441 2411 495 2462 rol.
509 2413 531 2461 I.
545 2428 571 2478 p.
585 2408 643 2461 458.
657 2426 697 2476 sq.
711 2412 867 2478 repetitam,
887 2426 942 2462 uon
959 2410 1086 2476 legisset)
1105 2425 1159 2461 nou
1171 2425 1253 2461 secus
1266 2419 1353 2478 atque
1366 2417 1449 2463 cetera

166 2496 325 2546 indubitata
342 2497 459 2547 Hutteui
477 2502 619 2562 poemata,
639 2496 705 2546 mihi
724 2497 909 2547 deliberatum
928 2497 1161 2561 constitutumque
1179 2500 1238 2558 est)
1256 2511 1349 2562 neque
1367 2502 1448 2547 tamen

166 2596 247 2630 unum
258 2580 409 2632 alterumve
422 2580 512 2632 locum
522 2579 566 2631 vel
579 2595 687 2631 versum
701 2587 749 2631 aut
759 2583 880 2647 ipsorum
893 2582 1042 2631 amicorum
1054 2581 1186 2646 scriptum
1197 2595 1297 2646 poema
1308 2581 1448 2648 legentium

166 2667 418 2717 commonitionibus
435 2666 501 2716 moti
520 2671 568 2715 aut
585 2665 657 2715 ultro
675 2667 854 2716 retractantis
873 2668 994 2716 auctoris
1013 2664 1222 2716 emendationes
1240 2671 1385 2732 expertum
1398 2681 1448 2717 esse

165 2753 326 2817 negaverim
345 2749 419 2814 (nam
438 2749 530 2800 limam
542 2766 597 2801 non
609 2751 757 2801 recusabat
769 2751 935 2815 Huttenus);
955 2751 1081 2800 centonIs
1099 2754 1147 2800 aut
1166 2751 1357 2801 consarcinati
1369 2751 1448 2816 operis

167 2836 295 2899 iormam,
316 2835 425 2901 qualem
437 2835 579 2901 Epistolas
599 2836 774 2887 obscurorum
787 2837 905 2886 virorum
923 2836 1027 2902 passim
1045 2835 1161 2901 prodere
1179 2839 1257 2887 reete
1276 2837 1339 2901 quis
1350 2836 1446 2893 dixerit,

165 2922 192 2970 in
211 2921 361 2987 Triumpho
380 2936 460 2971 nemo
479 2926 545 2985 puto
559 2920 759 2986 deprehendet,
779 2923 857 2972 cuius
870 2921 1041 2972 continuatio
1060 2925 1089 2971 et
1100 2925 1179 2971 tenor
1196 2935 1232 2970 ae
1244 2921 1336 2972 series
1348 2927 1402 2970 tam
1415 2935 1447 2969 re·

166 3022 223 3056 rum
242 3021 322 3072 quam
341 3006 486 3058 verborum
504 3021 558 3056 non
576 3006 666 3056 minor
677 3022 729 3058 neo
748 3007 838 3056 minus
856 3005 972 3071 simplex
991 3010 1020 3055 et
1032 3004 1183 3069 naturalis,
1202 3005 1266 3056 sine
1278 3005 1359 3063 tuce,
1378 3019 1447 3071 quam

166 3097 319 3142 ceterorum
332 3092 449 3141 Huttcni
462 3090 623 3156 scriptorum
637 3093 756 3142 omnium
770 3098 821 3142 cst.
846 3092 888 3141 De
900 3089 1056 3141 Busebiauo
1065 3089 1215 3156 Triumpho
1225 3090 1386 3157 Capnicnis,
1399 3091 1447 3140 sire

164 3177 198 3225 de
217 3178 325 3227 ratione
344 3182 373 3226 et
391 3175 485 3226 ordine
503 3176 563 3226 siue
582 3175 616 3225 de
635 3177 715 3226 metri
735 3191 836 3242 genere
854 3176 914 3227 sive
933 3176 967 3226 de
987 3177 1048 3242 ipse
1065 3190 1156 3226 rerum
1173 3174 1365 3241 descriptione
1378 3188 1447 3240 argu·

165 3261 306 3326 mentique
325 3262 497 3327 expositione
515 3258 637 3326 quaeras,
657 3261 740 3325 plane
759 3259 828 3311 nihil
847 3265 969 3324 constat,
994 3261 1111 3311 carmini
1128 3259 1179 3310 sub
1191 3260 1273 3310 Accii
1291 3261 1393 3312 Neobii
1410 3274 1447 3310 no·

123 3400 126 3405 ,
165 3347 237 3395 mine
261 3346 366 3411 scripto
390 3345 540 3397 adhaesisse
559 3347 676 3396 Huttcni
699 3347 869 3412 epigramma
894 3346 1080 3412 extemporale
1104 3362 1137 3395 ex
1160 3360 1215 3396 nno
1237 3349 1312 3396 teste
1331 3343 1447 3396 Conrado

164 3430 289 3480 Mutiano
307 3429 375 3494 (vol.
388 3432 411 3481 1.
424 3447 450 3496 p.
463 3430 505 3481 31.
519 3446 559 3496 sq.
574 3447 600 3480 u.
615 3431 702 3481 XVII.
716 3429 845 3491 XVIIII.)
865 3431 980 3492 scimus,
1006 3445 1067 3496 quse
1090 3430 1183 3481 omuIa
1199 3429 1266 3479 huic
1285 3435 1381 3481 nostro
1397 3428 1448 3479 Tri·

158 3515 272 3581 ·umpho,
292 3531 372 3580 quem
390 3531 470 3565 nemo
489 3516 605 3580 aequalis
623 3516 705 3566 testis
723 3516 839 3566 Huttcni
857 3530 912 3566 non
930 3530 992 3566 esse
1010 3515 1088 3577 dixit,
1108 3530 1162 3566 non
1181 3515 1361 3566 conveniunt.
1391 3511 1448 3565 illud

164 3600 279 3651 Buschii
298 3616 409 3667 poema,
434 3606 578 3666 postquam
597 3602 680 3651 amici
699 3601 943 3666 manuscriptum,
966 3615 1022 3650 non
1039 3602 1113 3666 typis
1130 3599 1302 3665 descriptum
1320 3599 1446 3665 legerant,

165 3686 310 3736 evanuisse
330 3691 409 3752 puto,
436 3686 505 3736 sorte
528 3687 588 3753 ipso
606 3686 778 3736 Huttcniano
797 3685 934 3752 triumpho
953 3685 1066 3735 iantum
1085 3683 1203 3748 iactum,
1227 3684 1347 3734 Huttcni
1364 3689 1447 3735 auten

164 3772 334 3837 epigramma
353 3775 401 3820 aut
419 3787 480 3821 eum
498 3772 584 3822 Accio
601 3771 707 3822 Neobio
725 3771 881 3821 oblitterari
900 3775 948 3820 aut
967 3770 1030 3821 aliis
1048 3769 1142 3821 verbis
1164 3774 1332 3834 conceptum
1350 3770 1377 3819 iu
1396 3784 1447 3819 car·

165 3872 226 3904 men
250 3856 330 3906 uobis
353 3861 492 3907 seruatum
516 3856 601 3906 facile
625 3856 744 3906 transire
768 3856 864 3921 potuit.
900 3855 998 3920 Itaque
1023 3869 1084 3904 cum
1102 3853 1218 3905 Eobano
1242 3854 1309 3917 (vol.
1322 3855 1345 3904 I.
1357 3871 1383 3920 p.
1395 3852 1446 3903 210.

165 3956 190 3989 n.
205 3940 260 3991 CV.
275 3940 312 3990 ci.
326 3958 352 4007 p.
366 3939 424 3992 238.
438 3957 463 3992 v.
477 3942 519 3992 ⁸24.
533 3941 604 4006 sqq.)
628 3943 683 3990 iam
707 3956 762 3990 non
786 3941 881 3991 dubito
905 3939 1023 4006 amplius
1041 3939 1194 3989 Huttenum
1218 3939 1390 4006 triumphare
1407 3953 1447 4004 pro

164 4025 320 4090 Capnione‚
340 4026 504 4091 penitusque
522 4027 661 4076 Huttenus
679 4031 773 4076 noster
791 4026 882 4076 Iactus
901 4031 943 4075 est
961 4024 1150 4088 Eleutherius,
1169 4025 1296 4089 quamvls
1314 4024 1396 4075 nolim
1415 4026 1446 4072 iu-

164 4126 225 4159 rare
245 4127 306 4161 cum
324 4111 427 4175 Hesso,
453 4112 499 4176 qui
522 4109 599 4160 nulla
623 4110 680 4160 alia
703 4111 736 4161 de
757 4126 842 4161 eausa
859 4110 1015 4177 paulisper,
1038 4110 1126 4160 donec
1143 4107 1264 4176 legeret,
1289 4109 1325 4159 de
1344 4113 1446 4158 auctore

164 4196 305 4245 dubitasse
324 4196 446 4258 videtur,
467 4212 547 4260 quarn
567 4196 638 4260 quod
655 4196 773 4246 Huttcni
791 4197 914 4245 carmine
933 4195 987 4245 sibi
1005 4194 1100 4245 oblato
1117 4193 1236 4245 similem
1252 4194 1397 4260 Triumphi
1414 4195 1445 4241 in

164 4282 341 4345 scriptionem
360 4287 442 4345 atque
455 4279 521 4331 olim
535 4296 552 4330 a
569 4296 598 4330 se
612 4280 701 4330 lectus
712 4280 825 4330 Buschii
838 4278 1003 4346 Triumphus
1016 4282 1143 4346 gesserat
1160 4277 1225 4341 (vol.
1239 4279 1262 4329 1.
1276 4295 1304 4329 n.
1318 4276 1445 4337 XVIIII.)

164 4367 352 4430 conspiceret,
378 4364 537 4429 similesque
556 4367 652 4430 opinor
669 4380 765 4415 versus
783 4366 923 4428 heroicos,
947 4365 1093 4429 simileque
1112 4364 1183 4429 quod
1202 4378 1247 4414 res
1266 4365 1329 4431 ipsa
1348 4363 1446 4414 terebat

164 4455 370 4515 argumentum:
394 4451 467 4500 inter
489 4465 610 4500 mensem
628 4451 780 4517 Augustum
799 4466 825 4499 a.
841 4449 912 4500 1514.
933 4466 985 4514 quo
1003 4450 1118 4500 Buschii
1135 4449 1316 4514 Triumphum
1339 4448 1445 4503 viderat,

164 4540 192 4582 et
210 4533 357 4586 lectionem
376 4537 543 4585 Huttcniaui
562 4536 691 4585 carminis
710 4535 840 4584 Eobanus
859 4540 899 4584 tot
917 4540 1044 4600 poemata
1061 4534 1171 4601 legerat
1188 4536 1405 4601 scripseratque,
1423 4534 1447 4580 ut

163 4618 248 4669 tacite
271 4635 325 4670 uno
345 4627 483 4670 momento
507 4621 540 4668 de
564 4620 728 4671 diversitate
751 4620 859 4670 illorum
881 4621 993 4671 duorum
1018 4621 1168 4670 carmiuum
1196 4621 1321 4670 Incertus
1350 4619 1445 4668 haerere

163 4709 264 4766 posset.
302 4706 428 4768 equidem
453 4710 483 4753 ut
500 4705 651 4754 Huttenum
676 4706 807 4755 carminis
827 4711 968 4756 auctorem
987 4721 1048 4756 esse
1067 4720 1128 4755 cum
1146 4703 1263 4756 Ecbano
1281 4720 1354 4754 nunc
1372 4702 1443 4752 adfir-
