3270 5354
359 374 481 412 usuratu
495 375 525 409 lte
538 375 736 411 uxcseuwueu
749 374 935 409 MOGVNTINAH
948 375 1071 410 acuum
1085 375 1288 413 renueremus·
1394 346 1466 419 393
1557 351 1558 354 ¹

374 528 518 608 lmpudsas
541 528 660 591 turbare
682 528 771 608 lllpcs
793 537 821 589 cl
843 529 955 590 lllraetia
977 548 1062 590 sara:
1295 530 1468 609 {mxime

375 630 530 692 Adriacam
553 648 693 710 sponsam
716 639 745 692 et
767 631 893 694 Venetas
915 633 1064 692 iuraverat
1087 633 1181 692 undas

375 732 517 794 Nonnisi
541 741 651 794 vastato
674 735 798 812 patriam
822 752 958 794 remeare
980 733 1136 801 Tridento;

375 834 432 896 Sed
454 841 557 896 nostra
579 837 686 896 virtute
710 837 806 896 minor
829 834 937 913 quibus
959 835 1061 895 institit
1082 835 1170 895 undis

314 950 365 992 ross
378 936 542 1013 Pugnando
564 936 737 997 submersus
760 937 835 1004 obit;
860 936 1050 996 Friderichus
1072 935 1109 997 ab
1131 934 1181 996 illo
1396 936 1466 1015 5233·

375 1037 480 1116 Strage
501 1039 605 1115 ingens
627 1038 686 1099 dici
707 1039 819 1117 potuit;
843 1040 890 1098 cui
912 1037 990 1098 lilius
1012 1040 1102 1099 armis
1310 1036 1468 1118 impilm*

375 1138 503 1220 lnclytus
525 1140 647 1201 accedit.
671 1157 745 1218 quo,
771 1138 971 1208 Maamiliane,
996 1140 1115 1217 fugaces

375 1241 467 1317 Egisti
489 1240 629 1302 Venetos!
652 1243 762 1320 quique
785 1241 838 1301 hes
861 1240 948 1319 paolo
972 1248 1040 1302 ante
1063 1260 1117 1319 per
1139 1239 1231 1302 urbes

376 1343 527 1405 lmmisere
548 1342 602 1403 tibi
624 1342 733 1404 bellum
757 1350 878 1420 totoque
903 1351 1041 1404 cruentas

314 1458 365 1500 roeo
379 1443 540 1505 Miscebant
561 1445 643 1505 Latio
666 1452 795 1521 strages,
819 1445 979 1522 mundique
1003 1442 1146 1504 vocabant

375 1547 413 1606 Se
435 1553 525 1625 caput
548 1556 577 1608 et
598 1548 696 1624 magni
719 1547 855 1606 dominos
877 1547 967 1605 maris
989 1563 1054 1606 esse
1076 1545 1236 1616 serebant..

374 1647 458 1709 Nunc
479 1649 547 1708 ried
568 1649 684 1727 lusique
706 1649 796 1708 armis
817 1654 846 1708 te
868 1646 1001 1726 supplice
1023 1653 1091 1707 voto

375 1749 545 1827 Deposcunt
565 1751 679 1811 veniam
703 1750 879 1827 dextrasque
902 1757 931 1810 et
953 1749 1073 1810 brachia
1096 1750 1234 1819 tendunt,

375 1850 450 1910 Dant
471 1869 577 1913 aurum
600 1850 741 1931 legesque
764 1858 881 1931 petunt,
906 1859 935 1911 et
957 1850 1068 1912 foedera
1090 1853 1171 1929 pacis

314 1965 364 2006 ¹⁰⁶⁵
379 1951 586 2032 Cuiuscunque
609 1954 720 2014 terent:
744 1960 776 2013 tu
797 1954 855 2013 liro
878 1959 999 2031 pectore
1021 1952 1145 2014 blandas

374 2056 517 2117 drersare
539 2073 659 2133 preces:
682 2055 752 2134 quid
777 2057 855 2115 cuim
879 2073 937 2115 non
960 2063 1028 2116 ante
1050 2054 1190 2132 petebant

374 2158 469 2230 Quam
491 2164 560 2220 tuus
583 2158 663 2219 aeria
686 2157 769 2218 miles
792 2157 987 2218 descenderet
1009 2156 1100 2235 dipel

375 2257 427 2320 llle
450 2267 549 2320 autem
571 2260 732 2320 indomitus
754 2277 809 2337 per
832 2257 922 2318 mulla
945 2258 1076 2336 pericula
1099 2257 1215 2328 Gallus,

374 2361 492 2439 Aspice,
516 2369 628 2423 mutato
652 2360 714 2422 luat
735 2370 768 2422 m
789 2380 841 2422 sua
865 2363 987 2421 crimina
1011 2360 1091 2420 rultu

314 2462 591 2543 roroPerlldiamque
614 2465 711 2525 suam!
735 2475 843 2523 coeunt
864 2463 893 2522 in
917 2461 1028 2523 loedera
1051 2462 1126 2523 Galli

374 2565 449 2626 Hinc
471 2566 539 2626 inde
562 2572 591 2626 et
614 2565 730 2626 Veneti:
755 2566 820 2644 quis
841 2571 870 2625 te
893 2565 963 2625 satis
987 2582 1051 2625 esse
1073 2561 1189 2624 duobus

373 2666 464 2728 Posse
485 2668 586 2746 putet?
609 2667 674 2745 quis
697 2685 756 2726 non
779 2684 947 2746 quenquam
970 2665 1023 2726 tibi
1046 2664 1182 2725 crederet
1203 2664 1311 2727 horum

374 2767 549 2848 dequalem,
573 2775 702 2847 questu
725 2766 890 2829 coniunctis
911 2769 1021 2845 excipis
1044 2769 1134 2827 armis

374 2869 549 2949 Erincisquc
570 2870 678 2932 simul?
700 2870 741 2931 Ea
764 2872 800 2932 sit
824 2871 979 2932 Germania
1004 2886 1137 2947 semper,

314 2982 363 3024 ¹⁰³⁵
377 2973 427 3033 Sic
449 2979 579 3043 crescat,
603 2973 678 3034 ierat
701 2972 746 3033 lris
769 2971 895 3033 ducibus
918 2987 1087 3048 nomenque
1110 2970 1275 3048 decusque,

373 3073 539 3154 virtutique
560 3082 679 3152 patrum
703 3074 860 3135 contendat
882 3073 969 3135 laude
991 3072 1104 3134 recenti

168 3246 376 3256 ——.—---

167 3362 387 3422 Sanaeserinas,
405 3362 507 3413 Veneti
526 3364 665 3414 exereitus
684 3364 752 3424 dux,
778 3380 794 3413 u
813 3363 959 3423 Roboreto,
979 3362 1027 3412 ubi
1047 3377 1107 3411 cum
1126 3361 1278 3412 fortissimo
1297 3361 1353 3412 filio
1374 3364 1466 3413 tortis·

167 3448 239 3499 sime
256 3450 440 3515 pugnaverat,
459 3447 620 3498 Tridentum
640 3454 846 3515 expugnaturus
865 3451 976 3513 pontem
996 3463 1029 3496 ex
1041 3447 1160 3497 navibus
1173 3446 1232 3497 fieri
1246 3448 1372 3509 iusserat,
1394 3449 1465 3513 apud

168 3548 251 3599 quem
269 3533 345 3600 ipse,
365 3548 426 3583 cum
445 3533 551 3597 equites
569 3548 646 3595 snos,
667 3548 733 3597 quos
745 3533 876 3583 Germani
894 3532 997 3581 milites
1015 3532 1048 3582 de
1068 3532 1206 3583 montibus
1224 3534 1412 3598 inrumpentes
1432 3534 1466 3583 ad

170 3631 306 3668 summam
323 3617 560 3684 perturbationem
579 3618 753 3683 redegerant,
775 3619 802 3666 in
821 3617 943 3667 ordinem
964 3633 996 3666 ee
1015 3633 1135 3682 pugnam
1153 3618 1285 3668 reducere
1304 3618 1398 3679 vellet,
1418 3633 1465 3667 un-

169 3702 213 3752 dis
230 3702 389 3752 submersus
406 3701 497 3768 periit.
528 3702 655 3752 Trideuti
673 3717 771 3768 corpus
790 3703 886 3767 paucis
905 3708 967 3767 post
985 3701 1083 3751 diebus
1107 3707 1244 3768 repertum
1268 3704 1381 3754 summis
1405 3718 1466 3753 cum

169 3785 321 3837 honoribus
338 3785 533 3853 sepeliverunt.
564 3787 743 3852 Epitaphium
757 3787 877 3837 Roberto
895 3788 1027 3851 scriptum
1046 3787 1118 3837 inter
1130 3788 1248 3837 Huttoni
1266 3789 1468 3853 epigrammata

171 3870 208 3921 ad
218 3870 284 3920 Max
297 3870 368 3920 Caes.
382 3869 424 3922 30.
438 3876 490 3920 est.
510 3871 551 3920 Cf.
566 3873 623 3921 Iac.
637 3871 721 3920 Diedi
738 3870 802 3922 hiet.
816 3871 915 3921 Venct.
929 3854 950 3922 12
964 3870 1011 3921 lib.
1022 3870 1060 3920 12.
1075 3873 1113 3922 Le
1120 3872 1186 3922 Bret
1197 3871 1371 3937 Staatspcscd.
1382 3890 1404 3922 o.
1415 3873 1467 3922 Ve-

171 3956 250 4021 sedip
265 3954 315 4005 lib.
328 3955 389 4004 XX.
403 3971 427 4004 c.
441 3956 467 4004 4.
481 3953 535 4005 vol.
547 3955 583 4005 ΙΙ.
597 3957 622 4004 2.
637 3972 662 4020 p.
676 3954 733 4004 792.
748 3970 807 4020 sqq.

239 4037 284 4072 ¹⁸⁸¹
302 4038 406 4089 Rbetia
424 4042 495 4089 1...0.
559 4037 604 4072 ¹⁰⁵⁵
622 4040 781 4090 Fridericus
800 4045 825 4090 2.
884 4041 944 4089 Hoc
962 4047 987 4089 et
1004 4056 1043 4104 sq.
1058 4043 1144 4089 lemme
1162 4057 1208 4089 om.
1224 4043 1250 4091 3.
1315 4039 1466 4090 10157Μευιί-

172 4123 285 4175 miliaue
305 4126 395 4175 Md.
436 4123 480 4156 ¹⁰⁵³
498 4124 535 4175 el'.
549 4125 717 4175 exhortator.
731 4125 765 4175 ad
784 4125 916 4174 dioximil.
930 4126 958 4174 in
978 4126 1098 4174 Venetos
1117 4139 1143 4173 v.
1158 4123 1196 4173 12.
1211 4140 1269 4188 sqq.
1313 4125 1422 4191 Aegiali
1442 4130 1466 4175 1.

172 4211 231 4272 M.
302 4205 346 4241 ¹⁹⁸¹
363 4207 476 4258 adflicti
496 4211 523 4259 3.
587 4209 779 4276 semmurum
799 4210 985 4259 exhortatorio
1005 4210 1039 4258 nd
1059 4208 1240 4257 niaximum
1257 4208 1379 4260 Venetos
1398 4226 1466 4275 prse-

173 4294 293 4345 naum
359 4290 404 4326 ’Μ
419 4292 461 4360 tn]
482 4295 682 4345 Maximiliane.
747 4291 791 4325 ¹⁰⁶⁸
809 4296 846 4344 ei.
860 4294 1036 4343 Exhortator.
1049 4309 1075 4343 v.
1089 4291 1131 4340 53.
1145 4307 1204 4355 sqq.
1276 4292 1320 4325 ¹⁰⁸⁸
1338 4294 1469 4344 horamate

172 4381 345 4444 mumque
357 4380 394 4429 ad
402 4381 599 4430 e.1222.om.3.
637 4377 680 4411 ¹⁰⁷⁰
693 4379 721 4427 in
735 4377 849 4444 foedera]
866 4379 957 4428 Blesis
970 4378 1044 4428 dea.
1057 4379 1139 4427 Mart.
1154 4393 1179 4427 a.
1190 4376 1263 4428 1513.
1301 4376 1467 4445 ¹⁰²‘quenq.]

174 4462 346 4514 altemtrmn.
366 4462 442 4515 Galli
455 4463 491 4514 ad
502 4464 650 4514 Novariam
665 4464 690 4513 d.
704 4462 729 4513 6.
743 4465 803 4514 Irin.
819 4480 843 4512 a.
860 4462 932 4512 1513.
948 4463 984 4512 ab
997 4463 1134 4512 Helvetiis
1147 4461 1337 4512 blaximilinno
1356 4464 1467 4514 Sfortire

174 4547 378 4601 accedentibus
395 4548 634 4600 Mediolanensem
654 4549 783 4599 ducatum
803 4549 959 4611 relinquere
979 4549 1084 4607 coacti,
1104 4547 1205 4595 Veneti
1224 4551 1315 4597 autem
1334 4547 1404 4598 duce
1423 4548 1470 4597 Li·

174 4634 263 4685 riano.
274 4633 310 4684 de
327 4634 517 4685 victoriacus
535 4640 600 4684 ante
619 4649 739 4699 pugnam
758 4633 935 4699 superbiente
954 4632 1033 4681 nonis
1056 4632 1217 4682 octobribus
1240 4632 1275 4681 ad
1294 4632 1468 4683 vincentiam

175 4718 240 4771 essai
257 4722 336 4784 sunt,
356 4719 467 4771 amissis
484 4734 569 4786 supra
586 4717 655 4769 4000
673 4718 816 4768 militibus.
