3270 5354
412 372 497 408 ΒΕΙΙ.
513 374 625 409 evucurt
640 375 668 407 lli
684 375 740 408 lot.
754 360 909 409 ttvttts'mlt
926 376 1031 410 ontst'ss
1045 375 1205 410 sescentos.

368 527 440 577 Huic
460 509 506 592 qui
526 529 639 583 fatifero
656 531 743 578 vitum
761 528 903 593 lucemque
922 545 1028 578 veneno

318 622 344 663 48
428 613 550 678 Eripuit,
570 613 644 663 nullo
663 613 772 663 vindice
789 613 860 662 liber
879 614 949 663 erit?

366 696 417 747 Cui
436 698 540 764 pridem
559 699 645 749 vitum
663 704 757 764 ruptor
777 699 832 749 sine
852 698 948 748 fraude
967 698 1079 764 reliquit

427 783 571 846 Permisso,
592 784 718 849 exeeptis
736 784 831 846 rebus,
852 784 928 835 obire
948 784 1019 834 viro:

364 866 420 919 Hic
439 868 510 917 inter
529 867 644 932 cyathos
663 868 807 932 medieque
826 868 853 918 in
872 885 941 934 pecs
960 867 1062 933 potitus

313 961 339 1001 5²
423 951 549 1002 Perfidice
568 953 676 1018 laqueis
693 952 850 1018 insidiisque
869 955 949 1019 perit.

365 1035 453 1101 Vsque
473 1037 576 1088 adeone
595 1037 664 1088 nihil
683 1038 738 1088 ium
757 1038 838 1103 lidum
858 1042 897 1089 est
919 1038 1037 1104 emplius
1056 1042 1178 1104 vsquem,

424 1122 460 1170 vt
479 1125 548 1172 saeuo
568 1123 601 1173 sit
619 1121 679 1189 plus
697 1122 788 1172 licite
807 1123 929 1173 timenda
948 1124 1043 1187 quies?

364 1206 482 1257 Abstulit
499 1206 549 1257 illa
567 1207 618 1257 tibi
637 1207 707 1272 quod
725 1222 779 1257 non
797 1208 875 1257 modo
894 1207 1027 1257 burburus
1047 1210 1127 1267 eutis,

315 1299 340 1338 ss
424 1280 479 1342 Hic
497 1292 595 1358 spolie,
615 1292 665 1368 ille
683 1293 817 1354 enimam,
836 1290 896 1356 plus
914 1291 1059 1357 populata,
1081 1293 1161 1358 rapit.

365 1375 451 1441 Ergo,
470 1376 618 1434 Murmelli.
638 1377 749 1442 sugeres
768 1392 848 1441 quum
867 1376 924 1426 tela
941 1376 1092 1442 latronum,

422 1460 493 1511 Vina
511 1461 601 1527 magis
619 1460 730 1511 suerent
749 1460 806 1524 (eh)
821 1462 952 1526 fugiendo
971 1463 1035 1521 tibi,

366 1545 434 1606 Quae
452 1545 516 1606 tibi,
535 1546 577 1594 vir
596 1545 706 1610 simplex
726 1546 888 1611 scelerisque
906 1548 1002 1612 ignare
1023 1548 1132 1608 sinistri,

318 1637 344 1678 oo
427 1628 549 1695 Hospitis
567 1630 596 1679 in
615 1630 704 1695 specie
723 1630 831 1689 miscuit
848 1631 931 1682 hostis
952 1636 1036 1681 atrox.

366 1713 489 1775 Siccine,
509 1711 648 1778 Pierides,
668 1715 748 1765 vestri
767 1720 935 1765 temerentur
952 1715 1032 1766 inulti

426 1797 566 1862 Cultores,
586 1803 718 1863 tenquum
737 1799 842 1869 sordide
861 1815 926 1850 cure
944 1800 1021 1850 deis?

363 1985 436 2049 Ergo
455 1984 529 2033 iscet
547 1984 652 2049 frigens
670 1999 742 2035 nunc
761 1989 789 2034 et
807 1986 862 2036 tine
880 2001 947 2036 voce
967 1986 1100 2050 cadauer,

314 2078 340 2118 ts
426 2067 512 2117 Totus
531 2073 559 2117 et
578 2084 595 2118 e
612 2073 669 2119 toto
688 2084 800 2134 corpore
820 2073 909 2121 sensus
928 2070 1017 2132 obest,

364 2153 421 2204 Nec
439 2153 548 2219 prodest
565 2152 606 2202 illi
626 2153 696 2218 quod
713 2157 816 2205 vestros
835 2157 938 2220 semper
954 2155 1071 2207 honores

422 2237 517 2300 Auxit,
539 2242 567 2288 et
584 2238 644 2289 haec
663 2237 704 2287 illi
722 2240 842 2288 maxime
861 2255 926 2289 curo
944 2240 1008 2289 suit:

363 2323 431 2372 liam
449 2324 531 2374 vestri
550 2326 633 2374 causa
651 2322 730 2374 subiit
746 2323 902 2380 discrimine
920 2323 1007 2386 mille,

242 2452 245 2457 ,
313 2401 340 2457 tiu
424 2407 500 2459 Mille
519 2408 681 2469 latratores,
700 2409 783 2460 taecliu
801 2408 876 2459 mille
894 2409 969 2472 tulit3

364 2492 441 2543 Mille
460 2491 619 2543 excnclsuit
636 2508 717 2544 curus
736 2499 763 2543 et
781 2493 854 2544 mille
873 2492 996 2560 labores,

421 2578 478 2627 Nec
498 2577 546 2627 uui
564 2584 645 2628 nocte
663 2579 765 2644 quiem,
785 2594 836 2629 nec
856 2579 905 2629 libi
922 2578 984 2630 luce
1003 2580 1092 2641 dedit,

365 2663 477 2728 Semper
495 2663 524 2712 in
542 2661 593 2712 hoc
612 2663 697 2715 studio
715 2665 824 2729 petiens
843 2664 989 2715 sudauit&
1008 2665 1082 2728 ellit,

314 2758 340 2799 se
424 2749 474 2799 Vix
494 2746 564 2797 elius
581 2752 700 2811 tentum,
720 2749 765 2800 vel
783 2751 913 2816 grauiora
930 2749 1001 2801 tulit.

365 2833 393 2883 Si
411 2833 511 2885 decore
529 2832 649 2898 imperii,
669 2835 758 2900 potuit
776 2835 794 2885 li
813 2834 908 2885 limine
926 2836 1009 2886 vestri

422 2917 563 2979 Proscrrc,
583 2918 628 2968 hic
647 2921 776 2983 nusquam
794 2918 884 2971 lentius
903 2922 1029 2986 inersque
1049 2922 1114 2981 suit;

364 3003 418 3052 Hic
438 3007 540 3062 mente,
552 3002 605 3075 *hic
625 3003 715 3052 enimc
735 3007 861 3069 sensuque
881 3010 909 3054 et
927 3011 1038 3071 pectore
1058 3012 1115 3057 toto

314 3097 340 3138 tt
425 3087 562 3146 Perstitit,
581 3086 634 3136 huc
652 3088 735 3137 robur
753 3088 869 3138 contulit
886 3090 964 3140 omu'e
984 3093 1069 3150 suum;

365 3173 419 3222 Hic
437 3171 544 3236 gladio,
564 3171 609 3221 hic
629 3170 737 3237 clypco,
756 3170 801 3222 lic
820 3171 896 3223 hasta
915 3175 1050 3239 pugnauit
1069 3178 1164 3236 acute,

422 3258 482 3322 lpse
501 3262 563 3306 eret
579 3257 625 3306 hic
643 3255 735 3313 miles,
754 3256 867 3322 signifer
883 3258 939 3322 ipse
959 3257 1017 3307 libi.

365 3342 424 3393 llec
444 3343 510 3391 cusu
528 3344 652 3407 poiseus
669 3342 746 3391 Latii
764 3342 895 3408 pomoeria
913 3342 992 3407 regni

312 3437 339 3477 st
423 3427 519 3477 Victor
537 3427 572 3476 ed
591 3431 725 3476 extremos
743 3426 855 3492 protulit
872 3430 953 3491 vsque
971 3427 1053 3476 viros.

363 3512 451 3574 Quem
470 3511 548 3562 multi
568 3515 662 3562 cressse
681 3511 768 3576 posite
787 3512 938 3578 stribligine
956 3512 1058 3579 lingum

422 3598 482 3649 Hoc
501 3598 571 3648 duce
590 3598 714 3648 Romane
732 3597 788 3646 iem
807 3598 928 3648 didicere
947 3598 1038 3663 loqui?

364 3683 451 3745 Quem
470 3682 562 3733 multoe
581 3683 686 3749 ingenii
705 3686 816 3749 surgunt
834 3698 894 3734 eum
913 3684 992 3749 fruge
1010 3684 1140 3747 noueles,

312 3777 338 3819 ts
422 3769 454 3818 ln
472 3768 569 3833 quibus
588 3777 652 3818 ante
671 3783 773 3818 nocens
791 3768 830 3818 nil
847 3769 899 3820 nisi
916 3785 1029 3834 gromen
1049 3772 1126 3821 erut?

362 3853 395 3902 ln
413 3852 511 3919 quibus
529 3858 594 3903 ente
612 3852 671 3903 silix
688 3851 834 3917 loliumque
852 3854 1018 3918 hamataque
1037 3854 1120 3920 lappe

422 3937 533 3999 Stabat,
553 3944 581 3988 et
599 3938 698 3989 inculti
715 3937 844 4004 ignobilis
861 3938 949 3989 herbe
967 3939 1028 4002 soli,

362 4024 513 4073 Innumerae
531 4025 624 4074 florum
644 4025 748 4088 species
767 4028 796 4072 ct
813 4024 898 4074 odere
916 4027 1032 4075 rosarum

302 4115 338 4159 tet
424 4107 554 4159 Germine
573 4122 645 4158 nunc
664 4107 789 4159 calathos
808 4109 964 4175 explicuere
984 4112 1051 4159 suos.
1117 4150 1120 4155 .

361 4296 440 4345 Nunc
458 4295 534 4345 lecet
552 4292 629 4357 (heu)
647 4294 769 4352 iuuenis,
788 4294 902 4344 iuuenili
922 4298 1005 4344 aetatc
1024 4300 1195 4359 peremptus,

302 4388 338 4428 tte
423 4381 568 4445 sparsurus
587 4381 680 4429 moesto
698 4395 759 4429 mox
778 4379 909 4429 elimenta
928 4394 1004 4443 roge.

1399 344 1444 415 87

160 4534 211 4586 elii
223 4536 256 4585 de
269 4534 403 4584 Scironiis
421 4533 496 4583 sexis
508 4532 637 4595 (eivers.
648 4530 700 4594 41.)
713 4530 850 4581 deiectum
863 4529 1036 4581 rettulerunt.
1055 4530 1090 4580 cs.
1101 4530 1202 4580 Fabric.
1214 4528 1286 4579 Bibl.
1298 4528 1385 4580 Graec.
1399 4532 1440 4582 ed.

162 4621 240 4670 Heri.
254 4620 274 4669 l.
289 4637 316 4685 p.
329 4617 386 4670 560.

227 4703 249 4736 ⁸⁵
266 4705 301 4755 es.
315 4705 381 4754 Hor.
394 4707 444 4753 ert.
458 4705 530 4768 poet.
543 4699 601 4752 413.
652 4699 674 4733 ⁰⁸
691 4701 812 4767 pomeria
830 4704 853 4751 s.
905 4698 927 4731 ’θ
946 4701 1074 4750 Romame
1093 4703 1115 4749 s.
