3270 5354
256 376 380 417 ΙΠΠΙΙ
393 376 431 414 ΑΒ
442 376 578 414 clun!
590 375 803 413 ΙΔΧῙΠῘΗΑῊΠ
814 373 1038 411 ΕΡῙΟΙᾸΜΙΙΔΠΙ
1050 373 1144 412 IMR.
1268 341 1341 415 237

101 500 109 507 ’
193 528 241 593 no.
473 520 523 583 nt:
544 532 666 582 nonno
684 532 733 581 ou
752 530 925 592 tormen.

255 651 430 713 Ambitionis
451 668 555 729 agrum
577 647 828 711 circumvolitabat
849 655 983 731 apertum

340 751 454 821 Gallus.
478 753 601 813 uthina
623 751 706 813 arido
729 758 865 830 carperet
887 768 939 811 ore
961 749 1076 819 eibum:

248 855 322 917 ilisa
345 863 389 919 est
409 854 526 934 imperii
548 855 662 932 species
685 853 767 932 quasi
789 870 860 931 rege
883 855 1027 917 vacantis.

231 978 245 1017 ι
343 956 451 1019 invasit
472 958 540 1017 totis
562 955 673 1016 uiribus
695 957 789 1033 impar
802 972 901 1021 onus,

256 1058 342 1121 Nunc
363 1058 450 1120 etiam
472 1057 595 1119 attendit
617 1066 746 1119 mentem
769 1064 798 1117 et
819 1057 931 1117 ‹letixus
953 1057 1077 1117 inliceret

340 1159 376 1221 Et
397 1160 501 1222 studiis
522 1177 653 1221 summas
674 1158 812 1220 omnibus
835 1158 925 1219 ambit
947 1176 1027 1238 opes.

255 1262 360 1333 llecte,
383 1261 474 1324 habet
495 1262 660 1340 ingenium:
683 1269 715 1323 tu
737 1262 824 1340 quid,
849 1262 948 1338 regina
972 1259 1139 1329 nolanorum,

230 1384 244 1427 s
342 1362 409 1425 Non
431 1364 489 1426 hoc
510 1382 576 1426 esse
598 1371 697 1435 tuum,
720 1362 799 1442 quod
823 1365 898 1442 rapit
920 1361 983 1432 ille,
1007 1362 1113 1423 doces?

185 1546 239 1609 80.
585 1551 634 1601 An
655 1551 814 1601 (rnnnvnt.

259 1668 324 1741 Quo
340 1670 409 1739 tibi,
432 1669 529 1740 Galle,
552 1689 635 1731 arnor
650 1670 697 1730 lrio
714 1668 856 1748 regnandi
871 1676 958 1747 atquo
972 1669 1027 1730 ista
1042 1668 1168 1747 cupido?

340 1772 416 1846 Quin
438 1771 595 1832 moderare
617 1772 705 1831 animi
728 1778 792 1832 vota
816 1778 955 1849 terresque
978 1771 1111 1832 modum!

257 1874 321 1936 Non
343 1880 444 1953 potes,
467 1880 501 1934 ut
522 1874 637 1952 cupias,
661 1872 796 1952 Aquilam
817 1890 961 1952 superare
982 1872 1122 1943 volando,

228 1996 243 2039 ι
341 1974 607 2055 Quantumcunque
626 1975 686 2037 olas
709 1975 864 2036 contrahat
885 1974 931 2036 illa
953 1992 1030 2036 suas.

256 2078 342 2159 Saepe
362 2094 462 2139 moras
483 2078 601 2157 patitur,
626 2096 705 2155 qnam
729 2096 796 2138 oum
813 2095 974 2157 properare
989 2095 1111 2139 necesse
1128 2086 1173 2139 est

339 2180 436 2243 Tarde
457 2178 544 2241 abeat
565 2197 748 2259 quanquam,
771 2181 894 2241 vertitur
915 2189 982 2241 ante
1004 2188 1116 2248 tamem

254 2272 373 2345 Scilicet
393 2286 426 2343 ut
446 2283 541 2361 possis
561 2282 634 2342 alios
656 2283 694 2342 ita
719 2284 835 2344 vincere
856 2281 946 2361 gallos

229 2404 244 2447 a
341 2384 379 2445 lit
399 2384 515 2463 generis
537 2382 671 2444 volucres
692 2384 776 2444 istius
797 2392 864 2445 anto
886 2383 979 2452 volus.

250 2484 364 2547 Contm
386 2485 520 2565 Aquilam
542 2485 615 2546 nihil
638 2493 682 2546 est
704 2504 762 2564 quo
785 2493 815 2547 tu
839 2488 980 2547 urerearis
1003 2484 1131 2551 honore.

339 2588 378 2651 Ut
396 2584 466 2649 10110
488 2587 588 2666 cingas
610 2586 655 2649 rol
676 2586 811 2650 breviore
834 2597 937 2666 capuit:

255 2690 314 2753 l’or
334 2688 446 2769 Aquilae
467 2689 532 2750 lieri
554 2689 697 2769 despera,
720 2690 799 2752 lraud
824 2692 939 2752 uincere
961 2698 1087 2759 tantum,

219 2810 245 2853 n
342 2790 441 2873 lisque
464 2791 537 2852 adeo
560 2786 672 2871 pennas
693 2795 784 2855 anteit
806 2791 853 2853 illa
876 2800 949 2853 tuos.
1007 2798 1010 2804 '

194 2972 240 3035 ot
465 2980 515 3029 no
535 2980 685 3030 ‹rnnuvu
703 2981 752 3029 nn
772 2980 932 3029 000100.

251 3096 322 3171 'Quo
342 3100 380 3160 sit
400 3106 501 3161 nostra
523 3098 589 3161 lo'co
611 3118 673 3169 res,
697 3098 792 3164 Galle.
816 3098 919 3159 andire
940 3097 1075 3159 laboras?

339 3200 430 3263 Recte
451 3200 540 3262 habet
562 3208 591 3263 et
613 3201 727 3280 placido
750 3209 793 3261 est
815 3207 874 3262 tota
897 3201 994 3280 quinta
1016 3208 1101 3261 statu.
1140 3220 1161 3269 ῃ
1215 3271 1223 3283 ·

255 3302 330 3375 Quid
352 3303 439 3364 laniat
461 3302 575 3366 Caesari
596 3303 661 3365 'libi
683 3312 794 3364 tuntum
817 3303 967 3373 irascitur,
990 3303 1051 3372 aio,

230 3423 243 3465 ι
341 3406 436 3484 Atque
459 3424 551 3466 unum
573 3406 601 3467 id
624 3408 747 3485 patitur,
772 3412 876 3468 caetera
900 3404 983 3467 laetus
1005 3407 1079 3485 agit;
1194 3433 1198 3439 ·

257 3504 328 3568 Lilia
351 3506 418 3585 plus
436 3525 522 3586 aequo
545 3515 592 3568 tua
616 3526 721 3588 nempe
745 3526 918 3570 excrescere
941 3509 1011 3570 vidit

341 3607 442 3689 Teque
464 3608 509 3671 ala
531 3611 655 3670 nimium
677 3608 842 3672 luxuriante
865 3609 944 3672 vehi:

258 3708 387 3773 Proinde
408 3711 478 3790 quid
502 3731 518 3774 e
541 3711 610 3773 lulio
633 3712 793 3792 decerpere
816 3714 923 3791 cogitat
946 3712 1010 3784 illo,

230 3830 244 3873 ι
342 3812 436 3884 Quem
460 3820 487 3875 te
511 3815 585 3874 intra
609 3822 724 3886 teneas,
748 3818 964 3894 constituetque
986 3815 1116 3877 modum.

191 3992 240 4055 82.
476 4001 524 4051 nn
543 3998 708 4063 nepvmmr
728 4004 774 4052 na
794 4002 925 4053 nanno,

258 4116 360 4181 Cernis
380 4126 414 4180 ut
435 4120 575 4189 insubres
597 4122 732 4200 migrarit
753 4121 853 4184 Gallus
874 4123 903 4181 in
928 4121 1031 4189 urbes,

340 4222 378 4284 Ut
399 4220 593 4284 Mediolanum
616 4224 821 4303 possidentque
844 4224 945 4283 turum?

54 4375 257 4388 α--ῌ

83 4544 88 4553 ¹
119 4476 164 4529 Ul.
192 4474 270 4529 ⁴illo
289 4480 314 4527 4.
367 4476 389 4511 ¹⁰
406 4476 599 4544 volbrcviore]
624 4480 677 4528 otei
696 4479 805 4529 brevius
823 4484 929 4529 tantum
947 4484 1054 4544 tempus
1073 4493 1153 4544 qnam
1171 4479 1242 4529 louri
1261 4481 1340 4531 dura·
1448 4500 1451 4507 ·

51 4568 114 4615 turo
132 4562 236 4615 10110.“

119 4645 164 4697 tt.
195 4646 533 4713 Eptprr.81.82.omie.d.
585 4647 695 4700 ⁴loetus
716 4653 738 4699 1.
791 4648 907 4707 “vidct,
928 4652 1020 4699 esti.

122 4730 166 4783 82.
196 4730 204 4765 ¹
224 4730 365 4799 insubres]
384 4733 615 4785 Mediolanenses.
635 4735 677 4784 Do
695 4737 784 4800 primo
803 4732 867 4783 narni
884 4733 956 4785 loll.
968 4740 1047 4800 purte
1065 4750 1155 4786 sermo
1174 4740 1227 4787 est.

363 4975 378 5009 Ι
