3270 5354
168 339 242 411 426
261 368 433 404 tttsvrtlssn
447 367 550 403 BYZENI
564 366 723 402 rutvurnvs
736 365 874 402 nocr0n1s
888 366 1030 403 tintcum!
1045 366 1434 406 s.10t.csstt1011uttoomo¹.

369 522 429 582 larn
453 528 534 583 vetus
555 521 676 582 hulonis
700 528 758 590 est;
782 522 861 601 quod
884 521 966 584 Galla
989 522 1102 583 Lutetia
1126 529 1229 584 narrat
1309 521 1432 600 lim*

369 623 461 686 Unius
483 632 527 686 est
549 625 633 693 anni,
655 623 802 702 quoddam
826 624 862 684 de
884 622 971 702 plebe
993 624 1118 685 cadaver

368 726 540 788 destituisse
562 727 673 786 animas
695 734 880 805 vestrasque,
904 734 936 786 ut
958 726 1108 797 crederet,
1132 728 1223 788 aneis

369 829 525 907 llecepisse
547 827 653 889 rudem
675 826 818 906 populum
840 845 1002 905 ponasque
1023 827 1149 890 dedisse.

317 950 355 992 aaa
370 931 471 992 Vestro
494 929 558 991 lraec
579 937 663 998 sunt,
686 936 717 990 et
738 929 834 991 adhuc
857 931 929 990 alios
950 929 1108 1009 deposcitis
1129 931 1209 1008 ignit

368 1032 444 1093 Num
460 1033 551 1092 venie
565 1031 647 1092 locus
663 1031 725 1091 est?
740 1049 799 1092 non
816 1038 859 1092 est
874 1030 972 1100 locus;
988 1033 1080 1101 urite,
1096 1031 1238 1100 damme,
1297 1030 1302 1113 Ι
1318 1030 1424 1119 {m}

369 1132 406 1193 Et
428 1135 451 1194 si
474 1151 533 1195 nou
556 1151 672 1212 aequum
695 1139 757 1202 est,
780 1131 843 1193 solo
866 1135 895 1194 in
919 1133 1068 1212 Capotene
1092 1133 1235 1196 furenteis

368 1235 424 1295 'lot
446 1233 548 1295 saltern
573 1236 646 1296 vitiis
667 1235 773 1312 dignos
795 1237 875 1296 necis
897 1238 988 1305 urite,
1011 1235 1153 1306 damme,

370 1336 543 1398 llomrninici
567 1335 701 1405 Fratres,
724 1336 894 1397 morbosam
917 1338 1032 1399 exurite
1054 1347 1189 1416 gentem,

316 1458 355 1500 sae
369 1439 425 1499 Tot
447 1437 593 1499 scelernm
616 1440 748 1499 autores!
772 1446 817 1507 tu,
841 1440 891 1518 qui
914 1439 1063 1518 Capnione
1084 1439 1208 1502 subacto

369 1542 498 1601 Arsurus
521 1539 634 1609 lucras,
659 1540 791 1619 dignam,
815 1557 906 1619 roge,
929 1544 1054 1621 concipe
1076 1542 1240 1604 llammam!

369 1643 411 1703 lte
432 1659 550 1711 omnes,
574 1643 707 1703 conserte
729 1650 856 1712 struem,
881 1645 1050 1723 componite
1073 1644 1181 1706 fasces!

370 1743 503 1805 Dedecus
523 1744 713 1804 immodicum
737 1744 852 1806 llamrna
876 1745 1054 1823 ulciscemur
1076 1746 1106 1806 iu
1128 1743 1193 1807 illa:

369 1846 456 1907 Ferte
478 1847 590 1926 picem,
612 1849 733 1907 miscete
758 1846 852 1921 laces,
875 1848 942 1908 date
965 1846 1122 1924 sulphura,
1146 1848 1240 1916 cives,

318 1969 356 2010 sco
370 1947 408 2009 Et
429 1946 576 2026 reliquurn
599 1947 703 2027 vulgus
724 1949 819 2026 pennis
842 1947 957 2009 abolete
979 1949 1119 2010 secundis

370 2050 402 2110 ln
426 2049 575 2128 Capuione
597 2067 707 2111 rrocens
730 2060 757 2111 et
780 2050 877 2110 adhuc
899 2052 1032 2128 graviora
1056 2050 1193 2113 relictum

369 2151 521 2213 Dedecora
544 2154 700 2213 ausurum!
723 2153 804 2214 laetos
828 2161 926 2214 minen
948 2152 997 2214 ille
1019 2153 1186 2233 triumphos

369 2252 407 2313 Et
428 2253 548 2332 plausus
571 2255 645 2315 ierat
667 2261 734 2315 ante
756 2273 840 2323 suos,
863 2255 987 2335 lateque
1008 2256 1115 2317 tuenti

369 2356 450 2418 llicat
472 2357 519 2424 lo,
542 2357 566 2415 si
588 2374 620 2417 se
643 2358 722 2416 novit
744 2358 916 2427 Germania,
940 2357 1031 2418 ‹licati

315 2477 354 2520 sss
411 2458 472 2520 Nec
495 2457 747 2536 detllogostratto
770 2461 799 2519 iu
822 2460 933 2539 populo
950 2476 1131 2538 componere
1145 2458 1211 2522 lites
1256 2456 1430 2544 diffidam

368 2562 424 2621 dut
445 2561 585 2622 ‹lamnare
608 2559 716 2630 bonos;
740 2562 846 2623 funesti
870 2583 886 2623 e
909 2563 992 2623 lance
1014 2562 1135 2624 latronis
1256 2545 1347 2622 m?
1360 2543 1432 2588 ''W‘'

369 2661 512 2724 lnsouteis
534 2664 646 2722 animas
669 2665 776 2742 rapiat!
799 2664 851 2724 sed
873 2666 932 2725 iarn
956 2663 1004 2726 iile
1026 2663 1121 2743 ligatis

368 2765 439 2824 Post
459 2770 576 2843 tergum
599 2764 734 2826 manibus
757 2765 955 2844 frendensque
979 2775 1008 2828 et
1030 2765 1144 2829 vincula
1166 2768 1308 2829 mordens

368 2864 600 2943 conspiciendus
622 2867 718 2928 adest:
743 2870 882 2937 venienti,
906 2869 1038 2936 Plrorca,
1062 2869 1214 2947 triumpho

317 2988 356 3029 aso
372 2969 413 3029 lla
435 2987 609 3048 pompasque
631 2969 744 3039 locuni,
769 2969 883 3030 lorilrus
905 2972 964 3031 sint
985 2969 1092 3049 ternpla
1115 2970 1256 3040 reclusis,
1312 2968 1437 3053 lim,

370 3071 434 3132 Sint
455 3078 566 3132 ornatae
589 3089 707 3139 ornnes,
732 3071 840 3149 quihus
862 3072 958 3134 hostia
983 3072 1134 3140 concidat,
1158 3091 1233 3141 aram

368 3174 481 3253 Sparge
504 3175 557 3233 viis
578 3174 683 3242 llores,
707 3173 816 3234 vernali
840 3192 961 3252 gramen
984 3175 1076 3235 odore

368 3275 488 3346 Disiice,
513 3277 641 3354 privatas
663 3276 819 3337 ostendant
840 3275 954 3355 singula
979 3279 1054 3355 posti

369 3380 453 3439 Serta
475 3377 561 3439 aldxa
584 3377 697 3439 domus.
721 3397 787 3448 ros,
811 3379 949 3458 quicquid
974 3378 1089 3448 nolrilc,
1112 3381 1207 3446 cives,

316 3499 354 3541 sss
369 3480 514 3559 Quicquid
537 3479 652 3541 habetis
674 3499 778 3558 opum,
802 3484 879 3542 ruite
902 3503 918 3542 e
941 3479 1143 3561 penetralibus
1165 3482 1249 3550 iuris,

367 3581 510 3662 Quicquid
532 3584 606 3644 inest
629 3581 761 3662 pulchri,
785 3584 924 3663 quicquid
947 3584 1107 3662 mundique
1132 3586 1321 3661 venenatique.

367 3685 463 3763 thue
485 3703 519 3745 ea
541 3693 726 3763 spectentur,
750 3685 925 3747 srrhlirnilrus
947 3686 1023 3747 edite
1046 3687 1145 3754 tectis;

366 3785 558 3866 Pendulaque
580 3806 597 3847 e
619 3788 703 3865 pictis
725 3787 795 3848 luinc
817 3786 886 3848 inde
908 3787 1000 3848 aulaea
1023 3788 1160 3848 fenestris

166 3938 365 3953 ’,ρ-..ὰ-

231 4045 264 4077 ³²⁶
281 4041 373 4110 vetus]
396 4059 422 4093 a.
437 4040 609 4093 1507...1509.
668 4039 760 4107 Galle]
781 4041 902 4093 Gallica.
967 4044 1009 4093 De
1027 4041 1081 4092 hcc
1098 4042 1345 4094 Dominicsnornm
1365 4039 1444 4092 lrarrdc

164 4132 230 4183 alibi
251 4146 305 4181 non
322 4129 381 4195 legi
398 4128 533 4193 equidem,
552 4127 673 4177 sednon
693 4126 834 4178 addubito.
853 4126 962 4177 Similis
981 4128 1037 4178 ium
1055 4124 1120 4177 olim
1137 4127 1172 4177 de
1196 4127 1376 4193 indulgentiis
1393 4127 1444 4176 Por·

163 4214 332 4267 tinuculunis
350 4214 598 4264 Franciscsnorum
617 4212 810 4263 narrabuntur.
836 4211 965 4262 Ceterum
991 4214 1036 4262 ‘Et
1053 4211 1123 4277 quod
1142 4212 1288 4263 Parthicis
1307 4211 1444 4277 exemplum

162 4301 289 4352 manavit
305 4299 341 4350 sb
360 4299 435 4348 nrbe’
454 4299 526 4347 iuter
544 4295 654 4347 scelere
673 4295 873 4347 cucullatorum
885 4303 1052 4349 memoratur
1065 4298 1152 4349 etism
1164 4299 1315 4349 Intercess.
1328 4315 1376 4364 pro
1388 4297 1444 4358 Cep·

162 4387 242 4436 mone
261 4400 287 4436 v.
299 4385 341 4435 47.
355 4382 424 4446 (vol.
435 4383 458 4433 1.
471 4398 496 4447 p.
514 4380 587 4445 1³9.)
656 4380 845 4432 Perrhisicum
863 4381 996 4433 delictum
1009 4386 1035 4434 3.
1047 4384 1074 4432 in
1091 4398 1171 4447 aare.
1240 4381 1276 4414 *θ’
1294 4382 1383 4449 plebe
1400 4380 1443 4430 tt.

162 4468 196 4503 ³⁸⁰
214 4468 253 4537 et]
274 4469 324 4520 sed
337 4470 429 4519 Mt.
492 4465 526 4499 ⁸⁸⁴
543 4467 684 4518 Dominici
696 4473 721 4518 5.
729 4472 752 4516 7.
805 4465 840 4499 ⁸³⁶
858 4467 884 4518 d.
902 4483 969 4533 rogo
993 4484 1071 4519 conc.
1090 4472 1116 4518 3.
1124 4471 1148 4518 d.
1156 4472 1179 4519 7.
1238 4465 1273 4499 ³⁸⁹
1292 4469 1381 4518 falces
1396 4462 1442 4515 edd·

162 4551 197 4585 ³⁴⁶
214 4554 383 4619 Hogostruto
403 4557 425 4603 7.
444 4551 547 4619 (ubique
564 4569 616 4603 nno
631 4556 644 4602 t
660 4560 687 4602 ut
704 4555 730 4603 in
748 4556 845 4604 manne
863 4554 1028 4604 Domminic.
1048 4570 1098 4603 unu
1117 4569 1157 4615 m,
1176 4569 1234 4603 naui
1251 4569 1303 4603 non
1320 4546 1445 4616 viditquid

162 4640 267 4688 moverit
284 4645 425 4696 auctorest,
444 4646 471 4689 ut
487 4639 589 4689 litteras
606 4640 763 4703 displiceret,
782 4646 809 4688 ut
827 4654 874 4689 nec
891 4643 947 4703 lpse
965 4640 1089 4698 videram,
1107 4654 1165 4689 cun
1182 4641 1232 4689 ool.
1247 4638 1270 4688 1.
1282 4655 1309 4702 p.
1326 4628 1441 4689 tonost·

162 4735 211 4784 pro
234 4724 298 4772 tracto
317 4722 485 4773 Doruminici
503 4724 592 4774 wenc
609 4723 756 4774 Dominici.
809 4722 843 4755 ⁸⁵²
861 4723 945 4775 cedite
964 4727 991 4775 3.
999 4726 1024 4774 4.
