3270 5354
162 326 236 401 24⁰
360 357 483 395 ΒΠἮΝΙ
495 358 532 395 ΔΙ)
544 358 678 395 (llum
691 358 901 395 mimum!
916 359 1138 396 ΕΡΙΘΒΔΙΙΔΠΙ
1151 359 1246 397 brun.

364 515 475 592 Aspicis
497 515 623 575 insessas
644 515 716 576 liris
737 513 926 594 populatibus
947 513 1050 594 Alpes,
1139 528 1141 533 ⁴

338 639 349 678 r
449 616 669 696 Germanusque
692 615 782 679 urbes
803 618 1019 697 imperiumque
1041 618 1116 696 peli:

363 719 401 780 Ul
421 726 465 787 te,
489 725 521 779 ul
542 735 597 780 nos
618 736 736 789 serres,
759 736 818 780 non
841 720 1062 799 expergiscere,
1085 718 1197 787 (mear,

446 818 540 899 Rapta
563 819 616 882 ubi
639 828 668 882 el
689 820 791 883 dextra
814 822 929 884 vindice
951 820 987 883 ab
1011 820 1095 884 bosle
1117 821 1218 900 rapiai

363 923 395 984 ln
417 921 529 983 medios
552 920 677 986 dormite
699 923 776 993 dies,
800 923 875 985 lerle
897 924 975 995 ocia,
998 940 1121 1001 segnes:

335 1050 347 1082 e
446 1025 491 1087 'lu
513 1025 605 1095 faula,
629 1031 716 1105 alque
738 1043 813 1105 opus
835 1031 894 1096 est,
916 1027 1058 1095 maxima.
1082 1024 1193 1095 Cesar,
1215 1025 1278 1088 aeli!

362 1128 485 1190 Maxima
508 1128 571 1197 adi,
594 1118 652 1206 quo
676 1146 709 1189 se
731 1127 852 1206 longum
876 1127 1020 1189 ‹liliundat
1040 1129 1070 1188 in
1092 1145 1187 1191 aevum

444 1230 533 1291 Fama
557 1235 621 1301 lue,
645 1235 792 1291 extremos
813 1248 912 1293 rerum
935 1229 1081 1311 adeatque
1102 1230 1178 1300 diem

361 1332 417 1394 bul
437 1334 461 1392 si
484 1331 561 1393 lama
584 1331 671 1402 nibil,
695 1330 767 1394 nibil
788 1332 851 1393 heo
873 1339 903 1394 te
925 1331 1018 1411 gloria
1040 1335 1147 1410 tangit,

326 1455 348 1494 re
446 1433 490 1496 Ne
512 1441 560 1503 lu,
582 1440 736 1495 uetulum
758 1433 816 1495 boc
837 1433 920 1513 quau·
939 1441 1075 1514 superest
1096 1440 1207 1514 pereat

297 1632 346 1692 89.
376 1637 424 1686 an
444 1636 625 1688 unaarum
642 1637 690 1687 vr
708 1637 960 1690 coureurrvu
978 1636 1035 1688 svr
1054 1636 1242 1691 vrunrcrur.
1299 1623 1303 1629 “

332 1740 335 1744 “
361 1756 467 1817 Factus
489 1775 521 1819 es
543 1755 650 1818 alliroli
673 1755 865 1836 opprobrium
889 1755 1058 1821 miserabile
1079 1756 1170 1828 Galli,

444 1858 514 1920 llala
537 1866 605 1920 sunl
627 1861 706 1922 risus
727 1859 813 1939 plena
837 1860 951 1921 lbealra
974 1860 1033 1928 tui,

359 1963 499 2023 Caesareae
520 1970 701 2041 spernuntur
724 1980 811 2040 opes,
834 1968 1016 2040 spernuntur
1037 1961 1182 2032 bonores,

333 2083 345 2123 r
444 2064 572 2125 Somnus
593 2062 770 2125 'leulonieas
792 2063 885 2124 lectur
907 2062 1018 2124 babere
1040 2062 1174 2144 Aquilae,

359 2165 522 2227 Germanos
543 2165 608 2226 rina
631 2167 708 2226 inter
730 2184 802 2244 opes
823 2182 999 2227 consumere
1021 2172 1051 2227 et
1071 2183 1182 2237 erum,

442 2267 580 2330 venando
603 2269 730 2347 patrium
752 2275 781 2329 le
802 2284 963 2347 peragrare
985 2285 1104 2338 nemus,
1182 2300 1186 2307 ·

357 2369 533 2430 Germanam
556 2387 681 2449 peregre
703 2371 839 2432 virtutem
861 2369 1012 2441 habitere,
1033 2371 1149 2452 tuisque

332 2496 344 2531 e
442 2473 547 2541 Arma,
570 2473 648 2533 viros
669 2475 807 2534 iamnunc
829 2471 954 2535 urbibus
975 2490 1041 2534 esso
1062 2478 1185 2553 negant:

357 2573 441 2645 Quod
464 2581 511 2645 lu,
534 2592 593 2635 non
617 2573 744 2654 aliquas,
767 2572 950 2645 auscultans,
975 2574 1073 2635 induis
1093 2575 1167 2644 iras,

441 2675 549 2738 Ulcisci
571 2684 603 2737 ul
625 2676 732 2738 lamam
754 2676 830 2738 banc
852 2675 1106 2756 opprobriumque
1126 2672 1222 2739 relisi

288 2891 338 2951 90.
359 2896 501 2948 GALLOS
519 2897 708 2948 SVPERARB
726 2897 795 2949 NOS
815 2896 961 2949 (anunm.
980 2896 1029 2948 An
1048 2894 1236 2949 GAESARH.

355 3017 461 3077 Verum
479 3017 614 3096 equidem
629 3000 732 3087 faleor,
749 3015 854 3085 Cesar,
871 3031 1037 3097 quanquam
1053 3014 1130 3078 baud
1144 3017 1184 3078 lla
1200 3022 1319 3096 graium
1333 3024 1389 3093 ul,

438 3119 538 3181 Gloria
561 3117 712 3183 Gallorum
735 3096 895 3180 esl⁰maior
917 3118 1030 3179 bonore
1052 3124 1118 3179 luo:
1227 3116 1230 3121 ’
1372 3102 1385 3121 ”

355 3219 438 3283 Nulla
461 3229 559 3281 lernen
580 3229 629 3282 tua
653 3220 739 3301 culpa
763 3220 847 3289 inssri,
871 3220 1000 3282 Fortuna
1023 3214 1151 3292 iocatur,¹

329 3343 340 3381 r
441 3323 573 3402 llumquo
595 3325 703 3402 premit
725 3321 838 3392 Gallos,
862 3331 890 3385 te
913 3323 981 3384 lacit
1003 3339 1068 3384 esse
1089 3319 1199 3391 lercrn;
1275 3380 1278 3385 .

353 3427 410 3485 Αιιι
431 3432 572 3503 operatur
593 3427 647 3486 Ate
669 3425 778 3486 lactum
801 3424 878 3486 istud
900 3424 1058 3487 llomerice
1079 3423 1192 3485 totum?

436 3526 468 3587 lu
491 3544 697 3606 quemcunque
719 3525 805 3588 cadat
826 3525 911 3605 culpa
935 3545 985 3597 ea,
1007 3524 1087 3589 nulla
1110 3534 1157 3589 lua
1181 3532 1241 3596 eei:

353 3627 526 3708 Quicunque
547 3630 605 3690 iste
628 3629 701 3691 deus
722 3636 821 3690 lamen
844 3637 903 3700 est,
926 3629 980 3690 nisi
996 3629 1057 3691 lers
1071 3626 1146 3690 mala
1162 3635 1283 3707 sponte,

327 3751 339 3790 a
438 3728 509 3791 'lem
532 3729 616 3792 lacile
638 3730 701 3792 baec
723 3731 825 3809 abiges
847 3749 933 3810 quam
957 3729 1042 3793 lueile
1064 3728 1114 3793 ille
1135 3729 1228 3817 derllb

351 3813 488 3911 Magnum
512 3833 585 3894 adeo
607 3835 717 3912 incepti
740 3841 921 3896 momentum
944 3840 1002 3896 est:
1025 3832 1136 3915 incipe,
1159 3831 1273 3905 (Μ’,

434 3935 472 3998 Ul
493 3935 599 3996 lamam
621 3934 698 3997 bano
720 3935 836 4014 abigas,
859 3944 892 3997 ut
913 3937 1070 4015 pariusque
1090 3934 1197 3999 decus!
1303 3982 1307 3989 .

291 4133 335 4193 91.
359 4138 462 4200 QVAM
473 4138 701 4190 PERICVLOSA
714 4138 782 4190 RES
795 4139 985 4191 IMPERIVM.
1015 4138 1065 4190 AD
1079 4137 1232 4191 GALLOS.

348 4258 506 4337 Imperium
530 4260 624 4321 nescis
646 4278 732 4338 quam
754 4260 793 4319 sit
814 4258 888 4321 mala
912 4257 1018 4330 bestia,
1042 4256 1138 4335 Galle;

439 4360 549 4432 Quodsi
572 4363 648 4422 lorle
671 4361 762 4431 scias,
786 4369 939 4441 lenlopere
959 4360 1036 4452 istud
1060 4362 1146 4438 agasl

146 4532 346 4540 —u-——n-

213 4631 254 4683 89.
285 4633 624 4699 ClHullAEIpisbllaliae
642 4649 667 4683 v.
680 4633 739 4684 227.
752 4649 811 4699 sqq.
863 4633 1018 4698 ¹³vicosque
1036 4632 1093 4684 2.4.

212 4715 255 4767 90.
286 4716 404 4767 *fateor
422 4720 479 4768 M.
532 4715 624 4783 illle]
644 4701 711 4783 ἔτη,
731 4718 783 4769 deu
802 4719 899 4768 Noxia.
951 4717 1051 4769 'mele
1070 4720 1216 4769 &barole
