3270 5354
162 340 236 413 266
360 372 483 409 nurum
496 373 532 408 AD
545 373 680 409 ΟΕΙΔΒΙΪ
691 372 901 409 manutenuit
914 373 1135 411 erroneorum!
1147 374 1242 410 niuno.

277 524 340 585 145·
566 529 626 597 ¹DII
643 528 905 581 murmuremus
923 529 1024 581 IVLII.

362 647 478 709 Fraude
500 650 579 728 capit
599 654 693 710 totum
715 656 864 710 mercator
887 649 976 711 Iulius
998 649 1114 718 orbem,

447 751 551 812 Vendit
572 753 649 813 enim
673 752 775 821 omium
799 770 856 811 uon
880 751 968 812 trahet
989 753 1051 831 Ipse
1074 760 1186 814 tamen:

363 852 462 914 Vende
478 853 548 913 mihi
564 854 641 932 quoti
658 853 764 915 habes:
781 871 847 914 uam
864 872 922 932 qno
940 854 1064 934 (pudor),
1081 862 1114 915 ut
1128 854 1199 915 mihi
1216 852 1338 920 vendas,

338 977 349 1016 ι
448 955 547 1033 Ipsum
571 963 614 1023 te,
640 955 708 1026 inii,
733 958 816 1018 euius
839 975 927 1036 egere
951 956 1049 1017 vides?

363 1057 438 1129 Quin
462 1057 523 1118 iera
546 1059 726 1118 centimanus
748 1059 860 1119 emittat
882 1068 958 1119 terra
982 1044 1138 1135 Gigantes,⁴

453 1159 542 1223 lulius
564 1159 685 1239 expulso
707 1161 812 1223 vendat
834 1167 866 1221 ut
887 1168 965 1221 astra
986 1160 1070 1222 iore:
1105 1236 1109 1243 ἱ

273 1267 275 1272 ’
365 1262 464 1322 Donec
486 1263 564 1324 enim
589 1261 678 1322 emtus
700 1261 773 1323 alius
796 1264 871 1339 regit
894 1270 923 1323 et
945 1270 1024 1323 tonat
1047 1263 1130 1333 inde,

337 1386 350 1426 s
448 1363 513 1425 Non
536 1372 671 1443 egotam
694 1366 791 1443 magni
812 1366 944 1425 munterte
967 1373 1081 1444 emptor
1104 1380 1164 1426 ero.

279 1547 342 1609 146·
691 1553 740 1602 DE
759 1551 905 1602 Elsnnm.

365 1671 448 1733 Nune
471 1690 525 1751 ego
542 1679 652 1749 terque
675 1678 779 1750 quater
801 1679 931 1732 renturae
954 1671 1058 1749 gaudia
1082 1673 1146 1731 ritae

448 1775 484 1836 Et
506 1774 655 1853 quaedam,
679 1791 744 1852 qum
766 1791 830 1835 sum
847 1755 899 1833 ‘vir
923 1756 1095 1843 trabiturosg·
1114 1764 1202 1842 'emh'

363 1878 470 1956 Accepi
493 1878 577 1937 toties
599 1875 713 1937 tabulas
736 1870 1034 1956 impressaque'cerae
1106 1872 1111 1881 ’

339 1998 352 2038 ι
451 1972 590 2050 Nomin'a,
614 1960 665 2039 sed
687 1985 799 2039 tuntum
824 1980 941 2039 nomina
964 1996 1032 2039 eum
1054 1975 1185 2038 tabulis(

364 2078 437 2142 liiud
461 2088 490 2141 et
512 2080 568 2140 hoe
591 2087 718 2141 temere:
743 2098 839 2158 neque
862 2081 939 2141 enim
963 2097 1084 2158 sperare
1106 2081 1171 2158 quis
1193 2078 1270 2140 ausit

448 2184 622 2262 Empturum
645 2200 676 2244 se
699 2200 765 2260 quae
785 2182 913 2244 vendere
936 2200 1021 2242 nemo
1045 2181 1124 2248 velit.

363 2288 420 2346 Aut
441 2287 466 2345 si
487 2285 564 2352 forte
587 2283 667 2352 velit,
691 2301 755 2363 quae
777 2303 863 2345 nemo
886 2284 1013 2346 rendere
1034 2285 1140 2362 possit,

338 2409 350 2449 s
451 2388 523 2448 Cum
546 2385 651 2447 omium
675 2385 755 2448 solus
777 2388 826 2465 qui
850 2385 925 2470 Irene
948 2387 1016 2445 vivit
1039 2391 1129 2446 emat:

367 2490 425 2551 iam
449 2509 517 2551 vero
541 2498 573 2549 ut
595 2491 656 2550 risu
678 2490 735 2551 hoe
757 2488 891 2566 (ugrum,
916 2495 1053 2566 tanquam
1076 2502 1140 2548 esse
1163 2475 1283 2555 beatum

450 2591 588 2654 'festibus
611 2592 656 2652 his
678 2597 777 2668 egeat,
800 2572 882 2667 signa
904 2591 962 2670 peti
987 2598 1015 2650 et
1037 2586 1166 2650 tabulas!

280 2779 341 2838 147.
601 2845 603 2847 ‚
707 2776 902 2829 utrumvis.

250 2904 256 2911 '
367 2899 470 2960 Omnia
494 2898 666 2968 turbantur,
690 2905 771 2959 retro
794 2899 895 2957 omnia·
915 2913 996 2957 versa
1022 2881 1171 2964 ridentur,

450 3003 506 3075 Qui
530 3001 605 3062 bene
628 3018 686 3061 non
710 3001 798 3069 vivat,
822 3017 908 3077 posse
930 2997 1019 3058 heare
1042 2997 1148 3059 aliosi·
1175 3011 1178 3017 ’

366 3106 437 3166 Cum
460 3103 568 3164 nutritos
592 3103 729 3181 ferroque
752 3119 840 3162 neces
862 3108 984 3179 atroque
1007 3112 1134 3170 reneno;

325 3228 352 3267 -r
452 3207 523 3267 Cum
547 3205 658 3267 scelere
681 3204 841 3264 oreiderint
863 3202 940 3262 milia
963 3201 1053 3262 multa
1075 3209 1141 3272 tuo,

327 3311 330 3316 ’
368 3310 440 3370 Cum
462 3307 514 3368 tibi
537 3309 644 3368 funesti
666 3308 724 3366 siut
745 3305 806 3366 sola
830 3305 948 3384 negocia
972 3303 1054 3373 belii,

449 3409 518 3471 Oeia
541 3418 714 3471 monstrosae
736 3408 851 3468 conseia
874 3406 1012 3474 luxurie,

367 3515 439 3575 Cum
462 3513 542 3573 dieas
565 3511 713 3589 faciasque
734 3508 807 3569 nihil
830 3509 883 3569 nisi
906 3506 993 3589 turqie
1015 3505 1197 3585 malumque,

340 3637 353 3676 e
451 3614 568 3675 Interea
591 3612 697 3674 eoelum
720 3611 878 3691 expendis,
900 3609 977 3680 lule,
1001 3612 1117 3671 tamen?

366 3715 456 3796 ldquo
479 3713 583 3795 aliquis
605 3714 706 3776 eredat
728 3715 774 3774 cui
797 3731 880 3774 mens
903 3715 932 3773 in
955 3730 1081 3791 corpore
1104 3726 1174 3772 sano

452 3817 527 3878 Sana
550 3819 602 3887 sit,
626 3824 654 3878 et
677 3816 822 3878 Christum
846 3817 896 3893 qui
919 3820 1001 3893 putet
1024 3832 1088 3875 esse
1111 3813 1218 3875 deum?

282 4002 345 4062 148.
717 4004 766 4053 DE
784 4002 895 4052 IVLIO.

367 4125 452 4187 Hunc
468 4124 614 4186 scelerum
630 4130 764 4184 autorem
780 4128 939 4191 tantorum,
955 4121 1035 4183 hune
1050 4117 1162 4181 fraudis
1177 4121 1323 4186 amicum,

451 4226 504 4287 Cui
526 4216 644 4304 requies
666 4223 791 4292 beilum,
814 4214 871 4302 pax
894 4222 994 4283 odiosa
1019 4223 1085 4290 init,

180 4378 193 4387 ”
238 4396 292 4448 ιιι.
322 4396 423 4462 ruere
442 4400 465 4445 1.
519 4395 646 4446 ¹⁰mer.
700 4391 825 4459 ttreau.

238 4481 294 4530 147.
323 4479 484 4547 ²!]?erid.
530 4477 734 4531 4ιιιί11ἰιι2...4.
787 4478 967 4544 θιιιιιςοιίιιιί.
1013 4476 1079 4526 ⁸et'.
1093 4475 1146 4526 vol.
1161 4476 1227 4526 1111.
1241 4475 1397 4542 p.448.sq.
1412 4476 1454 4525 ad·

169 4568 225 4611 not.
240 4570 267 4613 et
285 4565 359 4615 infre
378 4567 410 4615 In
427 4571 552 4631 tempore
564 4565 629 4615 Iulii
648 4570 700 4615 set.
713 4581 738 4614 r.
752 4563 794 4613 40.
808 4579 847 4629 eq.
901 4562 911 4593 ³
930 4562 991 4612 cmi.
1011 4558 1081 4626 exn]
1100 4560 1131 4611 ln
1150 4567 1232 4626 temp.
1247 4560 1300 4611 Iul.
1314 4560 1455 4611 ster-13.

168 4644 180 4676 ⁰
197 4646 290 4696 loven.
303 4653 355 4697 se't.
369 4649 401 4697 X.
416 4648 474 4699 356.
1341 4638 1344 4643 ’

238 4726 294 4778 148.
324 4732 580 4799 Ιὶοοεριρν.οιιι.3.
